2718 3706
519 125 524 134 ’
573 163 683 211 muna
705 165 744 211 11.
1140 149 1180 215 25

126 335 294 389 sumerent.
331 330 378 388 De
393 349 522 389 numero
537 349 643 389 eorum
664 333 769 393 omnia
787 353 820 393 se
839 334 952 395 habere
967 336 1130 414 explorata

128 426 220 484 Remi
241 426 395 500 dicebant,
418 432 583 503 propterea
604 429 687 505 quod
709 431 999 508 propinquitatibus
1021 433 1129 492 adfini-

126 523 306 600 tatibusque
326 523 493 598 coniuncti,
513 530 663 600 quautam
684 525 816 604 quisque
838 527 1075 588 multitudinem
1096 531 1128 588 in

126 619 282 679 communi
303 619 470 695 Belgarum
492 621 623 680 concilio
644 621 684 681 ad
706 622 739 682 id
760 623 877 682 bellum
901 625 1061 702 pollicitus
1086 629 1128 688 sit

126 715 336 793 cognoverint.
376 716 551 775 Plurimum
573 718 656 778 inter
678 737 730 779 eos
752 720 934 782 Bellovacos
956 730 989 784 et
1008 724 1126 786 virtute
1152 754 1163 804 5

126 823 158 876 et
172 816 357 876 auctoritate
372 821 404 874 et
419 816 581 875 hominum
595 837 724 877 numero
739 820 860 879 valere:
882 821 939 881 hos
954 841 1045 901 posse
1060 843 1129 883 con-

125 916 217 975 ficere
232 920 351 975 armata
365 914 453 974 milia
464 921 597 990 centum,
611 916 769 994 pollicitos
784 937 823 976 ex
837 937 873 977 eo
884 939 1013 979 numero
1028 921 1128 980 electa

126 1014 297 1090 sexaginte,
313 1013 473 1090 totiusque
488 1013 563 1072 belli
579 1013 745 1091 imperium
761 1015 821 1074 sibi
836 1017 1005 1094 postulare.
1038 1018 1127 1077 Sues·

125 1113 228 1172 siones
257 1131 328 1172 suos
357 1129 425 1172 esse
454 1111 624 1170 finitimos:
657 1111 829 1172 latissimos
853 1113 1125 1192 feracissimosque

124 1229 214 1287 agros
234 1210 402 1288 possidere.
446 1209 541 1287 Apud
566 1228 618 1269 eos
643 1209 742 1270 fuisse
768 1229 872 1286 regem
896 1217 1004 1271 nostra
1028 1211 1122 1271 etiam
1150 1241 1177 1273 ιο

124 1308 274 1367 memoria
295 1308 497 1382 Divitiacum,
518 1307 617 1367 totius
641 1307 763 1368 Galliae
785 1308 1049 1385 potentissimum,
1070 1309 1125 1386 qui

124 1423 194 1464 curn
214 1425 342 1482 magnae
362 1405 462 1483 partis
482 1405 593 1464 harum
612 1405 773 1481 regionum
798 1410 867 1464 tum
887 1405 981 1464 etiam
1003 1406 1126 1466 Britan·

124 1502 194 1560 niae
209 1502 375 1579 imperium
390 1501 578 1562 obtinuerit:
601 1521 683 1562 nuno
703 1520 770 1562 esse
790 1521 895 1579 regem
913 1503 1063 1581 Galbam3
1085 1505 1125 1564 ad

124 1597 207 1658 hunc
224 1605 351 1676 propter
366 1599 521 1657 iustitiam
541 1599 803 1676 prudentiamque
823 1618 911 1658 suam
929 1600 1028 1660 totius
1048 1600 1123 1660 belli

124 1714 277 1755 summam
299 1696 437 1754 omnium
457 1696 620 1755 voluntate
640 1695 775 1755 deferri:
801 1697 917 1774 oppida
936 1697 1050 1757 habere
1071 1717 1125 1756 nu·
1149 1726 1173 1773 ις

124 1812 208 1851 mero
231 1812 291 1867 xm,
307 1792 449 1871 polliceri
471 1791 559 1851 milia
580 1797 700 1851 armata
721 1793 965 1870 quinquaginta;
991 1793 1123 1854 totidem

123 1888 268 1964 Nervios,
287 1890 342 1966 qui
363 1889 497 1948 maxime
519 1888 581 1948 feri
601 1888 686 1948 inter
704 1888 789 1966 ipsos
811 1889 993 1966 habeantur,
1011 1891 1125 1968 longis·

123 1986 266 2064 simeque
291 1984 412 2060 absint3
439 1983 618 2061 quindecim
640 1984 729 2044 milia
752 1986 930 2062 Atrebates,
954 1985 1126 2046 Ambianos

122 2085 230 2143 decern
257 2081 353 2156 milia,
375 2079 516 2139 Morinos
539 2098 610 2140 xxv
634 2081 731 2157 milia,
758 2083 923 2161 Menapios
946 2102 997 2142 vn
1022 2083 1127 2160 milia3

123 2183 247 2244 Caletos
277 2198 300 2237 x
326 2177 428 2254 milia,
452 2177 634 2238 Velocasses
660 2184 692 2238 et
714 2180 950 2241 Veromauduos
974 2179 1125 2257 totidem
1151 2210 1179 2240 ιο

123 2281 304 2340 Aduatucos
325 2276 432 2334 decem
447 2280 479 2334 et
493 2294 606 2334 novem
625 2276 730 2353 milia,
753 2278 940 2352 CondruSOS,
955 2278 1126 2351 Eburones,

123 2381 300 2452 Caeroesos,
321 2375 503 2447 Paemanos,
520 2372 574 2450 qui
588 2392 651 2432 uno
666 2375 790 2435 nomine
809 2373 958 2436 Germani
972 2373 1130 2452 appellan-

121 2486 182 2553 tur,
198 2473 347 2537 arbitrari
364 2473 404 2532 ad
418 2491 461 2530 xu
479 2470 574 2530 milia.

163 2575 196 2640 5.
229 2575 342 2636 Caesar
374 2571 490 2628 Remos
519 2569 701 2628 cohortatus
729 2569 963 2646 liberaliterque
988 2569 1128 2628 oratione

122 2677 305 2752 prosecutus
325 2687 447 2727 omnem
470 2671 614 2725 senatum
634 2667 674 2725 ad
695 2685 728 2725 se
750 2666 916 2725 convenire
938 2665 1127 2744 principum·
1152 2697 1177 2742 ²5

122 2791 181 2850 que
196 2771 312 2830 liberos
332 2768 455 2828 obsides
471 2766 510 2824 ad
526 2784 559 2824 se
578 2763 691 2822 adduci
712 2763 815 2822 iussit.
858 2763 942 2832 Quae
964 2762 1069 2822 omnia
1090 2764 1129 2822 ab

121 2869 170 2928 his
199 2869 370 2944 diligenter
399 2865 440 2924 ad
469 2863 552 2922 diem
580 2862 665 2921 facta
692 2867 775 2921 suut.
832 2861 905 2939 Ipse
934 2859 1128 2921 Divitiacum

122 2969 267 3027 Aeduum
286 2985 398 3044 magno
415 2985 508 3042 opere
523 2963 704 3024 cohortatus
719 2960 809 3020 docet
829 2964 947 3037 quanto
968 2979 1061 3036 opere
1083 2959 1128 3018 rei

121 3065 264 3143 publicae
294 3065 529 3142 communisque
555 3062 666 3122 salutis
695 3060 822 3120 intersit
849 3077 959 3118 manus
988 3058 1128 3118 hostium

121 3165 275 3242 distineri,
294 3187 333 3227 ne
350 3187 420 3228 cum
442 3170 532 3224 tanta
552 3161 756 3221 multitudine
777 3179 840 3218 uno
860 3164 1000 3236 tempore
1023 3156 1127 3217 confli-
1152 3185 1179 3230 30

122 3269 257 3343 gendum
277 3266 326 3325 sit.
374 3265 411 3324 Id
427 3263 496 3322 fieri
510 3282 610 3341 posse,
627 3261 655 3320 si
670 3278 742 3319 suas
758 3258 862 3335 copias
877 3257 980 3316 Aedui
1000 3256 1034 3313 in
1050 3256 1128 3314 fines

121 3365 364 3428 Bellovacorum
382 3359 615 3423 introduxerint
629 3363 661 3418 et
678 3376 784 3417 eorum
798 3375 889 3433 agros
904 3353 1047 3433 populari
1064 3371 1129 3411 coe-
