2718 3706
477 181 636 246 000000
659 197 792 246 cantic
815 197 904 245 wau

231 402 291 460 Pte
311 409 503 477 temperasse,
525 420 659 478 courcqe,
679 404 743 460 000
758 404 934 477 0000000000
953 404 992 476 of
1006 403 1052 460 tte
1071 403 1186 462 Nervii.

247 529 300 595 15.
330 531 444 591 Caesar
468 531 594 590 honeris
620 531 772 591 Divitiaci
797 537 890 608 atque
913 531 1094 590 Aeducrum
1117 550 1209 591 causa

206 636 273 688 0000
299 647 350 687 000
373 627 406 686 in
432 628 525 687 fidem
551 634 749 706 receptsrrum
771 635 803 688 et
827 634 1083 688 0000000000ουιο
1108 629 1208 704 dixit3

206 727 289 804 quod
307 731 374 784 erat
394 725 504 784 civitas
524 733 637 802 magna
651 726 734 785 inter
748 726 861 801 Belgas
877 725 1073 800 auctoritate,
1087 743 1210 785 sexcen-

206 830 255 883 tos
283 822 407 882 obsides
435 823 585 900 poposcit.
637 824 698 882 His
726 822 853 882 traditis
882 822 1087 899 omnibusque
1113 823 1208 881 armis

170 935 183 981 5
206 940 246 980 ex
264 920 378 997 oppido
397 920 538 994 conlatis,
555 920 594 979 ab
611 939 647 978 eo
664 919 732 980 loco
752 920 785 977 in
803 920 884 978 fines
897 919 1126 984 Ambianorum
1143 938 1210 996 per-

205 1017 301 1076 venit.
349 1017 467 1075 Earum
501 1017 582 1075 fines
613 1016 725 1074 Nervii
759 1016 973 1092 attingebant3
1010 1024 1142 1093 querum
1170 1009 1208 1074 de

206 1120 318 1173 000000
335 1113 535 1190 meribusque
554 1114 666 1173 Caesar
683 1132 754 1172 cum
769 1118 940 1190 qrraererct,
957 1119 1001 1172 sic
1015 1113 1207 1190 reperiebat:

205 1212 235 1269 N
240 1211 321 1270 [illus
353 1209 457 1269 aditus
485 1214 552 1268 erat
583 1210 623 1268 ad
650 1227 701 1268 000
733 1210 974 1286 000000000000;
1007 1209 1088 1268 nihil
1112 1209 1209 1288 petie

193 1308 321 1366 'bantur
335 1306 401 1364 vini
416 1305 670 1383 reliquarumque
689 1313 793 1366 rerum
814 1307 934 1382 inferri,
952 1307 1035 1384 quod
1056 1307 1096 1366 iis
1116 1307 1207 1366 rebus

158 1427 186 1460 ιο
207 1403 440 1480 relanguescere
460 1402 579 1462 animos
602 1409 634 1462 et
655 1403 774 1462 remitti
796 1404 946 1463 virtutem
967 1403 1206 1463 existimabant:

207 1506 296 1560 00000
323 1500 465 1560 homines
490 1499 552 1559 feri
576 1507 769 1578 magnaeque
793 1500 939 1576 virtutis3
977 1501 1207 1578 increpitabant

104 1593 113 1616 ’
206 1602 300 1674 atque
315 1597 500 1656 incusabant
515 1597 652 1675 reliquos
667 1597 790 1675 Belgas,
806 1597 861 1676 qui
879 1616 912 1657 00
932 1597 1047 1675 populo
1064 1598 1207 1658 Romano

207 1694 408 1754 dedidissent.

272 1820 449 1879 aucteritas,
463 1819 561 1880 000000,
577 1817 615 1868 14.
763 1821 872 1878 pauor,
886 1821 954 1869 sinc.

272 1915 370 1960 posco,
386 1902 492 1962 000000.
762 1905 967 1962 relanguesco,
979 1901 1121 1962 effemincr.

271 1986 400 2043 censere,
413 1985 486 2046 0000,
500 1984 523 2031 2.
763 1987 894 2043 remitto,
909 1987 1008 2033 uticae.

272 2068 397 2130 attingo,
412 2067 545 2128 continuo.
763 2069 876 2123 incuso,
889 2067 992 2116 000000.

271 2151 382 2208 aditus,
396 2161 522 2198 accessus.
761 2151 849 2208 dedo,
859 2150 991 2210 permitte.

239 2355 417 2428 Erzcamped
437 2372 476 2412 00
498 2355 544 2413 tte
567 2353 659 2414 Sabis
679 2355 726 2412 tte
748 2355 857 2414 Neruii
878 2357 969 2415 aweit
990 2357 1037 2416 tte
1058 2360 1174 2434 0000009

622 2454 660 2527 of
678 2451 791 2513 000000.

246 2578 300 2644 16.
333 2581 411 2642 Cum
434 2601 490 2660 per
514 2590 621 2642 ebrum
644 2569 725 2642 fines
751 2584 889 2644 triduum
916 2584 977 2644 iter
999 2585 1139 2661 fecisset,
1163 2585 1208 2644 in-

205 2678 351 2737 veniebat
373 2697 411 2737 ex
433 2679 565 2757 captivis
588 2679 694 2740 Sabim
715 2681 831 2741 flumen
853 2683 891 2741 ab
916 2683 1028 2744 castris
1054 2683 1119 2744 suis
1144 2692 1206 2744 000

206 2775 340 2852 amplius
352 2775 439 2834 milia
453 2794 601 2852 passuum
617 2796 640 2835 x
654 2778 770 2838 abesse.
807 2780 908 2839 Trans
923 2779 956 2838 id
970 2780 1206 2862 flumenlomnes

205 2871 316 2930 Nervii
333 2871 538 2931 censederant
553 2873 784 2952 adventumque
799 2875 843 2934 ibi
858 2877 1070 2937 Remanbrum
1085 2897 1209 2954 exspec-

168 2985 181 3030 5
205 2969 323 3028 tabant.
354 2968 626 3045 Exspectabantur
636 2970 731 3030 etiam
743 2972 781 3032 ab
792 2973 840 3032 his
854 2973 1088 3034 Aduatucbrum
1100 2972 1207 3049 cepiae

204 3071 299 3143 atque
314 3069 403 3123 erant
420 3064 454 3122 in
471 3064 595 3124 itinere.
639 3068 789 3129 Mulieres
808 3076 922 3147 qquue
941 3090 995 3147 per
1014 3073 1149 3129 aetatem
1167 3067 1206 3126 ad

204 3170 339 3240 pugnam
363 3161 491 3220 insitiles
513 3161 701 3224 viderentur
722 3165 755 3224 in
780 3186 849 3226 eum
874 3167 976 3225 locum
1000 3165 1204 3240 coniecerant,

204 3278 265 3335 quo
281 3264 408 3335 propter
424 3257 552 3334 paludes
567 3261 718 3320 exercitui
734 3263 837 3321 aditus
853 3270 916 3322 000
930 3268 1020 3321 00000.

269 3388 404 3445 censitio,
417 3401 458 3436 me
469 3389 576 3448 colloco,
590 3388 612 3436 4.
670 3393 793 3452 0001010,
808 3393 916 3454 000000.
972 3394 1083 3456 aditus,
1099 3397 1137 3446 15.
