2718 3706
574 128 684 174 arana
706 105 745 174 ⁸11.
1150 113 1192 176 39

138 296 248 377 procul
260 295 412 358 constitui
423 295 579 369 viderunt,
592 293 729 372 primurn
743 294 880 356 inridere
895 315 934 356 ex
947 316 1036 356 muro
1047 303 1140 374 atque

137 393 325 472 increpitare
337 393 475 467 vocibus,
488 392 571 470 quod
581 396 671 450 tanta
682 391 873 452 machinatio
885 393 924 452 ab
935 398 1024 452 tanto
1039 393 1140 471 spatio

136 491 367 550 instrueretur:
400 489 588 566 quibusnam
618 489 762 548 manibus
794 493 848 548 aut
880 489 992 566 quibus
1020 490 1140 549 viribus

136 587 324 666 praesertim
345 586 487 646 homines
508 585 650 645 tantulae
671 591 941 645 staturae-nam
957 587 1140 664 plerumque

136 684 317 743 hominibus
345 683 446 744 Gallis
474 701 549 760 prae
578 681 794 759 magnitudine
823 701 985 760 corporum
1014 702 1141 742 sucrum
1164 707 1176 755 ς

138 781 276 841 brevitas
298 786 408 840 nostra
428 779 623 857 contemptui
643 779 833 839 est—tanti
852 779 954 838 oneris
974 780 1087 838 turrim
1107 780 1141 838 in

138 898 228 937 muro
243 897 310 937 sese
326 877 486 938 conlocare
501 877 719 936 confiderent?

180 973 233 1040 31.
264 975 330 1034 Ubi
344 993 418 1034 vero
433 974 553 1033 moveri
567 979 599 1033 et
614 973 864 1052 adpropinquare
881 973 1043 1033 moenibus
1058 974 1141 1034 vide·

138 1078 223 1146 runt,
248 1090 330 1131 nova
357 1076 451 1148 atque
479 1071 633 1130 inusitata
657 1071 760 1148 specie
785 1070 933 1130 commoti
956 1070 1076 1147 legatos
1101 1072 1141 1130 ad

139 1170 304 1230 Caesarem
325 1169 364 1227 de
385 1187 460 1246 pace
474 1168 645 1242 miserunt,
662 1167 717 1245 qui
732 1169 770 1227 ad
785 1167 868 1228 hunc
882 1168 1009 1227 modurn
1023 1168 1138 1227 locuti:
1164 1189 1191 1221 10

142 1267 232 1324 ‘Non
246 1265 425 1325 existimare
439 1265 598 1324 Romanos
613 1265 681 1324 sine
697 1283 754 1343 opc
769 1265 877 1324 divina
891 1265 1008 1325 bellurn
1024 1283 1139 1341 gerere,

140 1363 195 1440 qui
212 1367 319 1422 tantae
333 1362 513 1422 altitudinis
529 1361 776 1422 machinationes
790 1368 881 1422 tanta
895 1362 1055 1422 celeritate
1074 1381 1141 1440 pro

139 1479 264 1520 movere
285 1465 431 1538 possent3
461 1478 494 1518 se
518 1478 635 1538 suaque
656 1461 761 1520 omnia
775 1480 881 1520 eorum
902 1460 1054 1539 potestati
1075 1479 1141 1538 per-

118 1552 121 1554 ’
139 1557 282 1617 mittere’
298 1557 455 1616 dixerunt.
500 1558 625 1617 ‘Unum
639 1562 746 1635 petere
760 1577 795 1618 ac
810 1558 987 1636 deprecari:
1010 1558 1038 1618 si
1056 1558 1139 1617 forte

139 1675 196 1733 pro
218 1673 276 1714 sua
296 1655 463 1714 clementia
483 1673 518 1714 ac
541 1655 790 1730 mansuetudine,
811 1675 905 1732 quam
926 1655 988 1733 ipsi
1009 1656 1047 1714 ab
1068 1655 1139 1714 aliis
1164 1677 1188 1727 ις

139 1753 294 1828 audirent,
313 1753 478 1813 statuisset
497 1752 678 1812 Aduatucos
701 1771 768 1811 esse
790 1753 1028 1828 conservandos,
1046 1771 1085 1812 ne
1107 1771 1139 1812 66

139 1850 234 1910 armis
263 1849 460 1928 despoliaret.
511 1849 577 1909 Sibi
606 1867 712 1908 omnes
738 1849 804 1908 1616
829 1849 979 1908 finitimos
1004 1849 1141 1908 6666111-

139 1948 249 2007 imicos
271 1967 306 2007 ac
328 1967 401 2006 suae
423 1947 537 2006 virtuti
559 1946 718 2021 invidere3
745 1946 895 2023 aquibus
917 1964 951 2004 se
972 1946 1139 2005 defendere

139 2044 266 2104 traditis
291 2044 386 2103 armis
411 2062 474 2102 non
500 2048 637 2120 possent.
682 2043 748 2102 Sibi
771 2048 939 2120 praestare,
963 2042 990 2102 si
1013 2042 1047 2100 in
1069 2062 1139 2102 eum

140 2161 246 2201 casum
257 2143 493 2215 deducerentur,
506 2141 649 2218 quamvis
662 2141 821 2200 fortunam
835 2159 854 2199 a
867 2139 983 2217 populo
998 2140 1139 2198 Romano
1162 2167 1190 2198 ιο

139 2239 215 2316 pati,
245 2259 340 2318 quarn
368 2240 406 2298 ab
431 2239 481 2298 his
507 2259 562 2316 per
587 2238 759 2298 cruciatum
784 2235 928 2312 interfici,
955 2236 1038 2295 inter
1061 2255 1139 2312 quos

139 2337 294 2396 dominari
319 2336 541 2396 consuessent)

181 2433 238 2498 32.
268 2435 319 2492 Ad
340 2435 416 2504 haec
438 2434 552 2494 Caesar
573 2432 750 2510 respondit:
782 2431 838 2491 ‘Se
859 2431 958 2507 magis
979 2435 1141 2490 consuetu-

140 2530 212 2590 dine
227 2549 285 2590 sua
298 2531 518 2607 quammerito
534 2549 640 2589 eorum
655 2529 817 2588 civitatem
831 2533 1096 2601 conservaturum,
1113 2527 1138 2586 si

139 2627 227 2705 prius
250 2647 343 2704 quarn
363 2647 488 2686 murum
509 2627 589 2686 aries
611 2625 769 2702 attigisset
791 2643 824 2684 se
846 2624 1056 2700 dedidissent;
1085 2625 1140 2684 sed
1162 2649 1187 2696 25

139 2723 308 2784 deditionis
330 2725 450 2784 nullam
476 2743 543 2784 esse
568 2723 782 2784 condicionem
805 2721 864 2780 uisi
886 2721 980 2780 armis
1002 2722 1137 2781 traditis,

140 2821 179 2881 Se
208 2821 241 2880 id
269 2823 352 2898 quod
381 2822 413 2880 in
440 2821 568 2880 Nerviis
597 2821 726 2880 16616661
750 2819 907 2879 facturum
932 2819 1138 2898 finitimisque

139 2918 374 2995 imperaturum,
387 2938 427 2977 ne
439 2937 532 2994 quam
544 2917 703 2976 dediticiis
719 2917 827 2994 populi
842 2917 976 2976 Romani
991 2917 1139 2978 iniuriam

139 3014 313 3074 inferrent.²
369 3017 417 3074 Re
445 3001 591 3073 nuntiata
621 3015 661 3073 ad
691 3032 772 3088 suos,
802 3033 881 3090 quae
909 3014 1138 3092 imperarentur

139 3111 241 3172 facere
257 3113 412 3172 dixerunt.
456 3111 624 3170 Armorum
638 3130 750 3186 magna
765 3111 968 3170 multitudine
989 3113 1028 3170 de
1050 3131 1137 3170 muro
1160 3133 1188 3178 30

139 3207 173 3266 in
197 3209 316 3268 fossam
340 3228 418 3286 quae
444 3214 511 3267 erat
536 3215 608 3267 ante
634 3208 783 3285 oppidum
809 3208 890 3266 iacta
914 3209 958 3268 sic
982 3213 1018 3266 ut
1041 3227 1137 3284 prope

140 3324 293 3364 summam
314 3305 396 3364 muri
419 3305 603 3382 aggerisque
629 3305 830 3364 altitudinem
855 3303 958 3362 acervi
982 3323 1137 3362 armorum
