2718 3706
174 97 215 160 22
477 99 635 164 cAEsAa's
658 115 791 164 sarire
817 116 918 164 was.

227 315 309 375 Gaul
323 317 376 375 lies
390 317 516 392 married
530 320 592 376 aad
607 319 746 395 bleediaq.
790 320 887 379 Rome
901 321 1023 395 rejoiees
1037 321 1100 378 arrd
1114 321 1235 379 rituales

652 416 699 474 the
711 419 792 492 uode.

264 534 322 600 35.
346 536 405 594 His
427 535 519 596 rebus
537 536 634 612 gestis
654 537 739 596 omni
761 538 866 600 Gallia
882 543 1001 616 pacata,
1022 543 1112 598 tanta
1130 539 1232 601 huius

223 634 299 692 belli
314 635 353 692 ad
368 633 513 692 barbaros
529 633 633 712 opinio
648 635 770 712 perlata
783 640 832 695 est
850 635 899 694 uti
922 636 961 695 ab
981 636 1021 696 iis
1043 636 1230 698 nationibus

224 751 302 808 quae
334 737 421 791 trans
454 730 601 790 Rhenum
630 731 803 792 incolerent
832 733 1033 793 mitterentur
1060 735 1158 810 legati
1187 738 1231 795 ad

224 830 395 906 Caesarem,
408 829 463 907 qui
478 847 511 889 se
525 828 649 887 obsides
667 829 802 904 daturas,
815 829 970 908 imperata
983 831 1120 891 facturas
1136 832 1219 908 polli

188 934 201 979 5
224 932 373 986 serentur.
407 928 490 997 Quas
504 927 677 1005 legatiunes
694 928 815 1003 Caesar,
832 928 916 1006 quod
930 928 964 986 in
972 916 1104 988 italiam
1119 929 1231 1006 Illyri-

224 1043 355 1101 cumque
374 1025 569 1103 properfibat,
586 1025 667 1084 inita
687 1025 830 1103 proxima
850 1031 971 1085 aestate
992 1025 1032 1084 ad
1053 1043 1086 1085 se
1107 1027 1230 1085 reverti

224 1122 325 1181 iussit.
369 1123 442 1200 Ipse
463 1122 498 1182 in
519 1123 679 1198 Carnutes,
696 1124 805 1182 Audes
828 1125 1038 1200 Turonesque
1055 1141 1133 1199 quae
1152 1123 1230 1182 eivi-

224 1224 305 1279 tates
334 1225 525 1298 propinquae
554 1220 603 1280 his
632 1220 709 1280 locis
738 1226 828 1279 erant
853 1220 907 1279 ubi
932 1220 1049 1279 bellum
1074 1226 1227 1296 gesserat,

224 1315 399 1392 legibnibus
421 1317 453 1374 in
476 1313 677 1377 hibernacula
698 1317 849 1392 deductis,
865 1317 899 1375 in
920 1305 1046 1376 italiam
1062 1317 1228 1394 profectus

177 1437 203 1469 10
224 1421 281 1473 est.
325 1414 371 1474 Ob
393 1421 507 1491 easque
529 1433 578 1474 res
599 1433 637 1474 ex
660 1414 776 1474 litteris
799 1413 940 1474 Caesaris
960 1413 1026 1472 dies
1046 1413 1228 1490 quindecim

225 1511 412 1588 supplicatio
428 1512 551 1571 decreta
563 1517 618 1586 est,
632 1511 716 1589 quod
730 1516 802 1570 ante
818 1511 851 1570 id
865 1517 989 1588 tempus
1005 1510 1119 1570 accidit
1134 1511 1226 1570 nulli.

290 1640 375 1695 paco,
388 1637 486 1697 resitue,
499 1635 539 1684 34.
657 1637 735 1696 ineo,
749 1637 855 1698 incipio.

290 1720 400 1776 opinio,
409 1719 497 1780 suma,
511 1719 535 1767 8.
659 1724 862 1778 propinquus:
882 1720 993 1779 vicinus,
1003 1719 1157 1781 finitimas,
1170 1718 1194 1766 2.

289 1815 425 1860 propero,
440 1801 553 1861 ωιᾶιῖινο,
568 1799 591 1848 ὃ.
661 1803 776 1861 accido,
788 1802 920 1864 continuo.
