2718 3706
578 171 678 218 BOOK
699 171 738 216 II.

177 419 182 426 .
221 373 253 432 A
273 375 363 432 broce
384 374 461 432 dccli
474 375 530 448 sor
544 375 692 447 freedom,
716 374 767 431 bct
787 391 808 431 u
828 374 944 440 terrible
958 373 1034 446 soie.

171 493 229 560 33.
253 495 316 554 Sub
331 495 496 572 vesperum
516 494 630 554 Caesar
644 499 751 571 portas
771 493 875 553 claudi
892 493 1072 572 militesque
1092 514 1131 554 ex

127 592 245 670 oppido
273 597 357 650 exire
385 591 485 650 iussit.
530 591 689 668 Oppidani
718 591 849 650 consilio
877 596 951 650 ante
978 591 1068 666 inite,
1094 597 1130 651 ut

127 689 327 748 intellectum
352 690 515 765 estquod
539 686 699 748 deditione
724 689 809 747 facta
829 693 952 748 nostros
975 689 1132 766 praesidia

128 786 317 844 deducturos
338 790 393 844 aut
414 785 548 862 denique
567 785 786 862 indiligentius
803 790 981 844 servaturos
997 786 1132 845 credide·

128 890 211 956 rant,
227 882 323 941 tertia
337 881 454 957 vigilia,
471 902 533 959 qua
547 882 676 941 minime
692 883 807 941 arduus
828 883 869 940 ad
889 887 1012 942 nostras
1035 888 1131 942 mimi-
1153 899 1167 944 5

127 979 233 1038 tiones
255 985 399 1038 ascensus
421 979 596 1054 videbitur,
619 979 763 1039 omnibus
785 979 883 1057 copiis
905 985 1067 1057 repentino
1092 998 1131 1038 ex

128 1076 246 1153 oppido
268 1076 465 1153 eruptionem
486 1077 637 1136 fecerunt.
681 1076 842 1151 Celeriter,
864 1082 900 1135 ut
922 1081 995 1136 aute
1017 1077 1131 1137 Caesar

129 1172 308 1250 imperarat,
332 1173 456 1249 Ignibus
483 1173 711 1250 significatione
737 1173 823 1234 facta
847 1193 886 1233 ex
911 1173 1063 1251 proximis
1085 1193 1132 1233 ca

130 1270 233 1330 stellis
259 1288 294 1329 eo
317 1289 501 1329 concursum
521 1275 578 1330 cst.
622 1270 673 1330 Ibi
694 1276 868 1348 pugnatum
887 1275 936 1330 est
958 1271 1072 1330 ieriter
1092 1271 1131 1331 ab

130 1368 275 1428 hostibus
298 1367 332 1426 in
354 1373 495 1428 extrema
517 1387 572 1446 spe
595 1367 707 1428 salutis
731 1368 839 1445 iniquo
858 1369 926 1428 loco
949 1373 1058 1428 contra
1078 1387 1129 1428 eos
1155 1397 1182 1429 ιο

130 1465 186 1542 qui
201 1485 239 1524 ex
254 1465 337 1525 vallo
352 1465 554 1543 turribusque
568 1465 634 1525 tela
647 1465 793 1540 iacerent,
807 1485 877 1525 cum
891 1466 926 1524 in
941 1473 1002 1524 rina
1012 1465 1130 1525 virtute

130 1563 232 1622 omnis
261 1581 332 1640 spes
361 1562 473 1622 salutis
501 1562 696 1622 consisteret.
755 1561 872 1622 Occisis
901 1563 941 1622 ad
969 1563 1131 1622 hominum

131 1659 256 1720 milibus
269 1664 417 1737 quattuor
429 1659 542 1737 reliqui
557 1659 590 1717 in
606 1659 756 1737 oppidum
772 1659 882 1718 reiecti
897 1665 980 1719 sunt.
1017 1661 1132 1719 Postri-

131 1757 182 1816 die
203 1757 270 1816 ‹iius
289 1756 353 1816 diei
372 1756 516 1815 refractis
532 1756 640 1833 portis,
657 1775 727 1815 cum
749 1757 812 1816 iam
833 1757 1016 1816 defenderet
1031 1763 1129 1831 nemo,

130 1858 225 1930 atque
242 1853 430 1913 intromissis
446 1853 598 1912 militibus
614 1852 731 1912 nostris
746 1852 917 1912 sectionem
935 1853 1001 1912 eius
1021 1853 1129 1931 oppidi
1155 1872 1182 1920 15

131 1950 307 2010 universam
323 1951 437 2012 Caesar
451 1949 602 2009 vendidit.
646 1950 697 2009 Ab
712 1949 751 2008 iis
767 1949 821 2027 qui
837 1956 978 2009 emerant
993 1950 1131 2027 capitum

131 2066 278 2107 numerus
293 2049 417 2107 adeum
433 2048 550 2106 relatus
566 2053 614 2106 est
630 2046 751 2105 milium
767 2046 997 2124 quinquaginta
1009 2046 1116 2106 trium.

211 2165 362 2224 intellego,
370 2164 512 2224 perspicio,
526 2161 565 2212 32.
681 2163 809 2221 eruptio,
824 2163 951 2220 erucarum,
962 2159 1002 2209 30.

211 2247 349 2305 denique,
363 2247 465 2296 saliem.
681 2246 870 2306 significando,
885 2245 1000 2306 sianum.

211 2329 413 2389 indiligenter,
428 2329 600 2390 neqlepencer.
678 2329 810 2387 iniquus,
824 2327 1013 2376 incommodus.

212 2413 335 2470 arduus,
349 2410 472 2471 difficilis.
679 2412 845 2468 universus,
861 2409 940 2458 idirco.

211 2495 394 2552 repentinus,
406 2493 516 2543 subitus.
679 2493 785 2552 refero,
799 2492 930 2542 renuntio.

203 2639 256 2697 All
276 2640 323 2698 the
343 2642 495 2698 maritime
516 2641 639 2697 actions
659 2640 769 2697 submit
790 2646 818 2696 tc
840 2639 886 2696 rte
908 2638 1055 2698 Romano.

171 2759 228 2824 34.
250 2761 369 2820 Eodem
391 2764 531 2837 tempore
555 2779 573 2819 a
595 2761 629 2818 P.
655 2759 775 2833 Orassq
799 2778 892 2836 quern
915 2778 985 2818 oum
1007 2760 1130 2838 legione

132 2863 191 2915 rina
208 2862 338 2922 miserat
359 2857 399 2916 ad
420 2857 566 2931 Venetos,
589 2856 730 2930 Unellos,
748 2855 896 2932 Osismosi,
913 2857 1128 2933 Curicsclitas,

131 2953 272 3028 EsurioS,
295 2953 455 3028 Aulercos
479 2954 632 3027 Redones,
656 2971 735 3030 quae
760 2958 834 3012 sunt
859 2954 1034 3014 maritimae
1060 2956 1130 3015 eivi-

131 3056 211 3110 tites
227 3038 445 3127 Oceanumque
460 3050 630 3126 attingunt,
644 3051 758 3109 certior
773 3050 876 3110 factus
891 3057 940 3111 est
955 3071 1061 3112 omnes
1078 3071 1130 3112 eas

132 3146 273 3207 civitates
295 3147 329 3206 in
350 3146 505 3206 dicionem
521 3151 772 3224 potestatemque
787 3147 896 3225 populi
911 3148 1046 3208 Romani
1062 3167 1129 3207 csse
1152 3167 1166 3212 5

132 3243 279 3304 redictas.

212 3358 341 3420 attingo,
354 3363 443 3422 tocco.
520 3360 607 3418 dicio,
622 3359 768 3423 imperium.
844 3361 958 3423 redigo,
968 3359 1046 3422 pcicc.
