2718 3706
574 191 673 239 BOOK
695 192 733 237 11.

252 395 331 470 They
346 396 424 469 pion
446 402 475 452 to
497 395 596 454 actaeis
619 393 749 455 Coesnr's
770 397 903 455 wannoc
922 397 1028 472 φαεινά.

178 514 230 580 17.
262 515 322 574 His
351 515 444 574 rebus
472 515 607 591 cognitis
636 516 849 592 exploratores
880 515 1139 593 centurionesque

139 612 315 690 praemittit
333 612 387 690 qui
404 612 507 671 locum
524 613 671 672 idoneum
689 613 799 672 castris
818 613 964 689 deligant.
1007 613 1084 674 Cum
1100 631 1139 671 ex

138 709 294 768 dediticiis
315 709 423 786 Belgis
445 710 637 787 reliquisque
658 710 759 770 Gallis
778 711 952 787 complures
975 710 1138 770 Caesarem

138 805 236 865 secuti
252 813 313 866 nna
326 806 387 865 iter
401 807 550 880 facerent,
567 807 693 884 quidam
712 826 750 865 ex
767 807 815 866 his
834 813 924 866 nocte
944 808 984 866 ad
1003 807 1137 865 Nervios

138 908 355 980 pervenerunt.
399 903 460 963 His
475 904 730 963 demonstrarunt
745 903 828 964 inter
843 904 982 980 singulas
999 904 1137 980 legiones
1160 915 1175 962 5

138 1000 431 1077 impedimentorum
456 1008 604 1077 magnum
629 1019 792 1060 numerum
818 1000 1017 1074 intercedere,
1038 1019 1139 1077 neque

138 1115 206 1156 esse
221 1098 388 1174 quicquam
402 1097 518 1174 negoti,
531 1117 602 1157 oum
618 1103 717 1175 prima
731 1098 813 1174 legio
829 1097 862 1156 in
877 1103 979 1157 castra
990 1097 1138 1171 venisset,

138 1194 219 1254 hano
234 1195 292 1254 sub
307 1194 438 1254 sarcinis
454 1195 586 1270 adoriri3
608 1213 671 1272 qua
685 1195 777 1272 pulsa
791 1195 932 1254 futurum
947 1200 982 1254 ut
1000 1194 1139 1272 reliquae

137 1291 277 1368 legiones
295 1297 404 1351 contra
420 1291 591 1351 consistere
610 1300 673 1352 non
698 1293 860 1351 auderent.
902 1292 1013 1351 Nervii
1034 1297 1161 1351 autem·

138 1389 321 1465 antIquituS,
344 1407 406 1466 quo
430 1388 556 1448 facilius
579 1389 789 1448 finitimorum
813 1389 988 1466 equitatum
1013 1389 1147 1466 impedi·
1163 1411 1191 1444 10

140 1491 218 1560 rent,
239 1485 355 1545 teneris
378 1485 539 1545 arboribus
562 1486 670 1545 incisis
691 1491 787 1563 atque
809 1485 943 1560 inflexis,
963 1486 1138 1563 crebrisque

138 1583 171 1640 in
192 1582 394 1642 latitudinem
415 1583 511 1642 ramis
534 1585 644 1659 enatis,
661 1588 694 1642 et
715 1583 801 1642 rubis
822 1583 1025 1660 sentibusque
1046 1582 1140 1641 inter-

139 1680 238 1753 iectis,
261 1679 429 1740 effecerant
451 1686 487 1739 ut
508 1685 607 1739 instar
628 1681 709 1739 muri
731 1681 789 1740 hae
812 1699 920 1758 saepes
948 1685 1140 1739 munimenta

140 1777 331 1854 praeberent,
354 1795 415 1853 quo
437 1784 500 1836 non
522 1777 613 1836 modo
634 1785 697 1836 non
722 1777 835 1837 intrari
860 1777 916 1837 sed
940 1796 978 1836 ne
1003 1776 1139 1854 perspici

140 1874 266 1951 quidem
288 1880 403 1951 posset.
447 1874 508 1933 His
530 1874 621 1933 rebus
643 1893 713 1933 cum
732 1874 792 1933 iter
811 1873 944 1950 agminis
966 1873 1065 1933 nostri
1085 1874 1140 1931 im·
1164 1892 1189 1938 ις

139 1972 306 2048 pediretur,
327 1979 390 2031 non
407 1970 617 2030 omittendum
637 1971 697 2030 sibi
714 1971 881 2030 consilium
903 1970 1014 2030 Nervii
1035 1970 1140 2029 existi-

139 2075 312 2128 iniverunt.

181 2185 321 2234 idoneus:
341 2191 426 2246 opens,
439 2185 599 2244 commodus,
614 2183 636 2233 8.
705 2185 844 2242 consisto,
856 2189 903 2243 stc,
915 2183 939 2234 6.

180 2269 290 2328 deligo,
304 2268 380 2329 cliuo.
704 2269 816 2326 incido,
830 2267 929 2316 accido.

179 2337 343 2408 intercedo,
357 2351 510 2400 intemenio.
706 2352 818 2398 instar:
832 2349 933 2412 formo,
945 2348 1100 2398 similitudo.

180 2435 331 2482 sarcinae:
350 2433 545 2494 impedimento,
558 2446 650 2482 onera.
706 2433 822 2490 omitto,
835 2434 950 2494 neolone.

181 2516 311 2584 adorior,
326 2516 474 2578 adprecior,
490 2515 528 2564 11.
704 2515 938 2576 existimabam.

185 2670 245 2727 Tne
267 2669 391 2728 Roman
411 2669 679 2745 curnpinpqronnd
700 2669 763 2726 ond
784 2668 830 2725 the
845 2669 981 2741 position
1002 2668 1040 2741 os
1054 2667 1100 2724 tte

583 2784 693 2841 enemy.

179 2887 232 2953 18.
262 2887 338 2947 Loci
356 2893 467 2948 notura
486 2893 552 2948 erat
571 2888 656 2961 haec,
675 2906 768 2965 quem
788 2886 891 2946 locum
910 2885 1009 2946 nostri
1028 2885 1139 2946 castris

140 2987 328 3064 delegerant.
359 2986 455 3048 Collis
468 2987 506 3045 ab
518 3005 638 3044 summo
650 2985 826 3063 aequaliter
835 2985 962 3043 declivis
975 2984 1013 3042 ad
1026 2983 1140 3042 fluinen

140 3083 253 3159 Sabim,
275 3085 359 3161 quod
381 3102 475 3160 supra
495 3082 736 3157 nominavimus,
759 3083 914 3158 vergebat.
958 3081 1009 3140 Ab
1030 3100 1066 3140 so
1087 3081 1141 3139 flu·

139 3181 221 3240 mine
236 3181 304 3259 pari
319 3181 501 3240 adolivitate
515 3179 603 3238 collis
619 3181 812 3254 nascebatur,
825 3181 864 3238 ab
879 3179 1037 3257 superiore
1052 3183 1140 3254 parte

139 3277 294 3338 silvestris
311 3283 348 3336 ut
365 3285 429 3336 non
448 3277 541 3336 facile
561 3275 715 3334 intremus
736 3276 869 3354 perspici
889 3280 1006 3353 posset.
1049 3275 1140 3332 Intra
1162 3289 1175 3336 5

138 3393 190 3434 eas
210 3375 306 3434 silvas
327 3373 488 3444 hostes-in
510 3372 632 3432 occulto
654 3378 720 3430 sese
742 3373 960 3446 continebant3
983 3370 1016 3427 in
1031 3374 1139 3446 aperto
