2718 3706
557 178 668 224 nisan
691 177 729 224 11.
1134 162 1175 226 35

164 345 221 410 23.
251 344 399 421 Legionis
415 364 514 404 nonae
535 349 568 404 et
589 345 728 404 decimae
742 345 869 420 milites,
885 351 921 404 ut
943 351 975 403 in
995 345 1126 406 sinistra

122 448 211 520 parte
225 441 291 501 acie
306 441 522 517 constiterant,
539 441 613 520 pilis
629 441 762 516 emissis,
779 461 871 501 cursu
887 461 921 502 ac
936 442 1124 503 lassitudine

121 539 315 599 exanimatos
330 538 575 616 vulneribusque
589 538 748 599 confectos
759 537 928 599 Atrebates
938 558 1058 599 -nam
1073 539 1123 599 his

122 657 159 697 ea
182 655 254 714 pars
278 636 649 696 obvenerat—celeriter
670 655 709 695 ex
733 635 802 695 loco
827 636 987 714 superiore
1012 637 1045 695 in
1070 636 1124 696 flu-

121 754 193 794 men
218 733 435 811 oompulerunt
460 739 492 793 et
516 733 650 793 transire
676 739 824 793 conantes
849 733 983 794 insecuti
1009 733 1121 810 gladiis
1147 759 1158 807 5

121 851 263 908 magnam
289 836 410 908 partem
436 849 543 892 eorum
566 830 750 908 impeditam
776 830 1011 891 interfecerunt.
1055 832 1123 909 Ipsi

120 929 255 988 transire
277 927 393 986 flumen
414 945 477 987 non
498 927 732 1002 dubitaverunt,
749 933 781 988 et
802 927 835 986 in
856 927 959 987 locum
978 928 1122 1005 iniquum

121 1025 285 1103 progressi,
304 1042 412 1085 rursus
434 1023 618 1084 resistentes
640 1024 747 1084 hostes
770 1025 982 1102 redintegrato
1003 1025 1122 1102 proelio

120 1123 154 1182 in
169 1124 275 1200 fugam
289 1121 496 1182 coniecerunt.
540 1122 622 1181 Item
643 1122 706 1181 alia
726 1121 759 1180 in
781 1126 869 1200 parte
885 1121 1028 1182 diversae
1043 1123 1121 1183 duae

119 1220 267 1297 legiones,
293 1219 459 1279 undecima
482 1225 514 1278 et
538 1225 657 1293 octava,
684 1219 858 1297 profligatis
884 1219 1120 1295 Veromanduis,
1147 1243 1173 1274 ιο

120 1318 305 1396 quibuscum
333 1322 422 1376 erant
450 1317 618 1394 congressi,
644 1335 684 1375 ex
708 1316 776 1377 loco
800 1316 959 1394 superiore
984 1316 1017 1375 in
1042 1316 1121 1394 ipsis

119 1414 258 1475 fluminis
280 1414 358 1491 ripis
381 1413 621 1491 proeliabantur.
665 1414 711 1474 At
730 1414 807 1474 totis
830 1415 895 1474 iere
920 1433 939 1473 a
962 1413 1067 1473 fronte
1089 1419 1122 1474 et

119 1513 159 1572 ab
180 1512 308 1572 sinistra
330 1517 418 1589 parte
442 1511 569 1571 nudatis
587 1511 715 1594 eastris,
738 1530 807 1571 cum
834 1511 867 1570 in
891 1512 1002 1572 dextro
1025 1531 1121 1571 cornu

119 1610 202 1686 legio
223 1608 406 1669 duodecima
426 1614 459 1668 et
479 1627 542 1668 non
563 1627 676 1686 magno
693 1609 732 1668 ab
749 1627 786 1668 ea
803 1608 971 1668 intervallo
986 1609 1121 1686 septima

119 1707 324 1781 constitisset,
353 1724 459 1765 omnes
487 1705 598 1765 Nervii
627 1705 859 1766 confertissimo
886 1705 1011 1783 agmine
1042 1706 1121 1766 duee
1145 1730 1169 1778 ις

119 1806 325 1880 Boduognato
342 1803 396 1880 qui
414 1821 567 1862 summam
586 1801 697 1879 imperi
715 1803 851 1877 tenebat,
867 1802 907 1862 ad
926 1821 998 1862 eum
1016 1803 1120 1863 locum

119 1902 364 1977 contenderunt3
390 1919 523 1977 quorum
547 1917 619 1976 pars
645 1904 753 1976 aperto
777 1899 876 1959 latere
900 1898 1039 1976 legiones
1065 1899 1121 1959 cir-

119 1998 306 2072 cumvenire,
322 2015 394 2075 pars
409 2014 565 2056 summum
580 2000 753 2054 castrorum
767 1995 870 2055 locum
885 2001 992 2075 petere
1006 1996 1119 2075 coepit.

161 2095 217 2161 24.
245 2095 364 2154 Eodem
379 2099 518 2171 tempore
532 2092 655 2170 equites
670 2093 770 2153 nostri
785 2093 927 2171 levisque
944 2098 1120 2153 armaturae

118 2193 250 2272 pedites,
273 2192 327 2269 qui
349 2210 419 2250 oum
440 2189 480 2250 iis
504 2210 568 2250 una
593 2190 727 2265 fuerant,
750 2209 828 2268 quos
854 2190 955 2268 primo
980 2191 1118 2250 hostium
1143 2221 1171 2252 20

117 2291 239 2368 impetu
267 2289 374 2367 pulsos
403 2287 552 2362 dixeram,
581 2306 652 2348 cum
681 2307 714 2347 se
743 2287 777 2346 in
804 2293 908 2348 eastra
935 2287 1118 2366 reciperent,

117 2386 258 2447 adversis
274 2385 416 2446 hostibus
431 2385 634 2444 occurrebant
655 2404 691 2445 ao
712 2403 819 2444 rursus
838 2384 931 2444 aliam
950 2385 983 2444 in
997 2389 1119 2463 partem

117 2486 225 2562 fugam
248 2483 413 2560 petebant;
436 2487 468 2542 et
489 2482 622 2556 calones,
645 2483 699 2560 qui
722 2483 761 2542 ab
782 2482 953 2541 decumana
972 2487 1064 2559 porta
1083 2500 1119 2541 ac

117 2601 239 2642 summo
261 2580 336 2657 iugo
355 2579 443 2639 collis
466 2585 589 2639 nostros
606 2578 739 2639 victores
754 2578 871 2637 flumen
884 2577 1036 2638 transisse
1051 2597 1119 2638 oon·

116 2683 294 2757 spexerant,
310 2677 481 2755 praedandi
504 2695 597 2736 causa
618 2675 744 2753 egressi,
761 2693 831 2735 cum
853 2675 1065 2752 respexissent
1086 2681 1118 2736 et
1141 2701 1167 2750 ²5

116 2778 223 2836 hostes
252 2775 286 2832 in
313 2773 429 2834 nostris
458 2773 569 2833 castris
594 2772 713 2832 versari
730 2766 904 2848 uidissent,
930 2773 1117 2852 praecipites

116 2876 209 2950 fugae
231 2890 299 2932 sese
320 2871 522 2930 mandabant.
567 2870 667 2929 Simul
690 2888 796 2929 eorum
818 2869 873 2947 qui
895 2889 965 2930 cum
990 2870 1118 2949 impedi·

117 2971 231 3029 mentis
253 2968 422 3028 veniebant
443 2968 559 3027 clamor
581 2967 789 3045 fremitusque
812 2967 978 3043 oriebatur,
1000 2968 1117 3046 aliique

114 3067 209 3126 aliam
231 3066 265 3125 in
286 3071 408 3144 partem
429 3063 588 3142 perterriti
604 3063 795 3124 ferebantur.
840 3065 956 3134 Quibus
973 3065 1117 3124 omnibus

115 3165 206 3223 rebus
229 3162 362 3240 permoti
385 3160 507 3238 equites
530 3161 667 3237 Treveri,
684 3181 815 3240 quorum
838 3161 919 3221 inter
935 3162 1042 3223 Gallos
1058 3161 1118 3219 vir·
1141 3183 1167 3228 30

113 3260 193 3320 tutis
216 3259 322 3337 opinio
344 3264 393 3318 est
414 3257 592 3334 singularis,
610 3259 663 3336 qui
686 3259 783 3319 auxili
807 3277 900 3318 causa
924 3259 962 3318 ab
987 3257 1116 3317 civitate

114 3357 155 3418 ad
176 3357 341 3420 Caesarem
363 3354 452 3414 missi
475 3361 634 3428 venerant,
657 3375 727 3415 cum
752 3355 956 3416 multitudine
978 3351 1115 3412 hostium
