2718 3706
537 148 567 195 O.
591 148 671 195 IULI
694 147 871 196 CAESARIS

228 313 341 391 perint.
388 314 449 373 His
473 315 628 374 mandatis
651 334 723 374 euru
745 315 784 374 ab
807 333 840 374 se
862 314 1005 374 dimittit.
1055 314 1231 391 Postquam

228 430 334 470 omnes
360 411 528 487 Belgarum
550 411 655 489 copias
680 411 713 470 in
734 431 833 470 unum
857 411 959 470 locum
985 416 1105 470 ooaotas
1131 410 1171 469 ad
1197 429 1231 469 se

227 508 335 568 venire
354 508 436 568 vidit
456 527 556 586 neque
573 508 636 568 iam
654 508 746 586 longe
765 509 873 568 abesse
892 508 931 567 ab
950 507 989 567 iis
1005 525 1083 585 quos
1101 507 1231 566 miserat

229 605 477 684 exploratoribus
503 611 535 664 et
559 606 599 665 ab
623 605 733 665 Remis
759 605 914 682 cognovit,
936 605 1054 663 flumen
1074 604 1230 677 Axonam,

193 730 203 777 ς
229 703 313 780 quod
334 709 382 762 est
405 705 438 762 in
463 703 613 763 extremis
637 703 806 761 Remorum
831 701 955 776 finibuS,
978 701 1150 761 exereitum
1170 704 1232 759 tra
1332 757 1333 764 ,

229 800 340 860 ducere
361 800 532 861 maturavit
552 806 646 877 atque
668 799 712 859 ibi
733 805 837 859 eastra
856 799 971 878 posuit.
1021 799 1105 868 Quae
1126 815 1175 856 res
1199 803 1232 856 et

229 897 312 957 latus
333 918 431 957 uuum
452 903 625 958 castrorum
650 897 727 974 ripis
751 896 889 956 fluminis
915 895 1076 954 muniebat
1101 899 1132 954 et
1157 900 1231 971 post

230 1013 299 1053 eum
315 1014 393 1073 quae
408 1001 513 1056 essent
528 1001 599 1055 tuta
613 996 652 1055 ab
662 995 806 1054 hostibus
823 993 979 1067 reddebat,
993 998 1024 1051 et
1039 996 1232 1052 commeatus

230 1093 269 1151 ab
287 1093 395 1152 Remis
410 1093 602 1170 reliquisque
617 1092 800 1152 civitatibus
816 1096 852 1149 ut
867 1091 934 1150 sine
951 1089 1090 1168 periculo
1104 1089 1232 1147 adeum

182 1217 208 1248 ιο
230 1188 348 1266 portari
366 1195 473 1266 posset
492 1189 652 1249 efficiebat.
696 1190 735 1248 Iu
754 1208 790 1248 eo
811 1187 940 1246 flumine
961 1205 1038 1264 pons
1060 1191 1136 1245 erat.
1180 1185 1233 1243 Ibi

230 1285 421 1363 praesidium
440 1286 529 1364 ponit
548 1287 630 1346 etin
648 1287 747 1346 altera
766 1290 854 1363 parte
869 1283 1007 1342 fluminis
1022 1283 1055 1353 Q.
1072 1281 1233 1341 Titurium
1334 1299 1335 1344 1

232 1382 381 1441 Sabinum
395 1383 531 1459 legatum
553 1403 622 1443 oum
644 1403 700 1443 sex
721 1383 901 1444 cohortibus
923 1381 1082 1458 relinquit.
1119 1380 1233 1440 Castra

231 1479 264 1537 in
288 1478 488 1538 altitudinem
516 1482 630 1558 pedum
658 1501 710 1540 ΧΠ
734 1481 818 1541 vallo
842 1480 988 1558 fossaque
1014 1477 1234 1555 duodeviginti

231 1577 345 1654 pedum
361 1578 482 1637 munire
498 1578 593 1638 iubet.

182 1700 206 1748 ¹5
271 1672 306 1736 6.
335 1674 387 1732 Ab
405 1674 454 1734 his
474 1675 585 1735 castris
604 1677 752 1754 oppidum
775 1678 946 1736 Remorum
966 1674 1092 1734 nomine
1113 1673 1234 1733 Bibrax

231 1771 337 1830 aberat
352 1771 440 1831 milia
454 1791 602 1850 passuum
617 1780 695 1834 oete.
732 1775 771 1833 ld
788 1793 826 1833 ex
845 1774 958 1834 itinere
978 1793 1090 1851 magno
1107 1773 1233 1851 impetu

229 1867 346 1944 Belgae
361 1887 540 1946 oppugnare
555 1878 732 1948 coeperunt.
769 1873 870 1950 Aegre
890 1893 926 1933 eo
946 1874 996 1934 die
1015 1879 1233 1934 sustentatum

230 1970 288 2025 est.
336 1965 497 2026 Gallorum
522 1969 627 2026 eadem
654 1974 748 2045 atque
773 1971 939 2046 Belgarum
964 1973 1157 2050 oppugnatio
1182 1981 1236 2034 est

229 2062 314 2122 haee.
358 2062 423 2122 Ubi
438 2063 637 2123 circumiecta
651 2066 854 2126 multitudine
873 2069 1035 2129 hominum
1054 2074 1130 2133 totis
1150 2094 1236 2136 moe-

180 2187 208 2219 20
230 2159 321 2220 nibus
344 2159 483 2237 undique
508 2160 542 2218 in
564 2181 688 2220 murum
709 2163 829 2241 lapides
852 2165 912 2225 iaoi
933 2171 1035 2248 coepti
1057 2179 1140 2248 sunt,
1167 2195 1236 2235 mu-

230 2275 345 2334 rusque
364 2256 581 2317 defensoribus
601 2259 736 2318 nudatus
756 2266 813 2335 est,
834 2265 994 2326 testudine
1016 2269 1101 2328 faeta
1122 2277 1235 2348 portas

230 2354 400 2414 succedunt
417 2373 601 2432 murumque
622 2357 784 2417 subruunt.
828 2361 915 2430 Quod
933 2370 1001 2424 tum
1015 2366 1108 2426 faeile
1124 2369 1232 2429 fiebat.

229 2451 312 2511 Nam
328 2470 397 2511 oum
417 2456 507 2511 tanta
525 2453 696 2514 multitudo
714 2457 835 2536 lapides
856 2482 890 2523 ao
910 2464 975 2524 tela
993 2465 1180 2541 conicerent,
1196 2468 1236 2528 in

229 2569 317 2608 muro
332 2549 523 2609 consistendi
540 2556 680 2628 potestas
696 2562 763 2616 erat
777 2560 866 2619 nulli.
903 2563 980 2623 Cum
1001 2563 1091 2623 finem
1114 2583 1237 2642 oppug-

179 2671 205 2718 25
229 2645 325 2704 nandi
346 2665 408 2705 nox
429 2646 566 2723 fecisset,
587 2651 689 2713 Iccius
712 2655 838 2732 Remus,
862 2677 983 2719 summa
1007 2661 1172 2720 nobilitate
1200 2670 1236 2722 et

229 2741 331 2816 gratia
344 2741 427 2800 inter
441 2761 522 2818 suos
538 2748 592 2823 qui
610 2755 677 2808 tum
696 2753 810 2829 oppido
829 2756 1018 2832 praefuerat,
1033 2778 1114 2818 uuus
1133 2778 1171 2817 ex
1190 2759 1234 2820 iis

230 2836 284 2913 qui
306 2837 404 2913 legati
426 2839 464 2898 de
489 2863 563 2920 pace
587 2848 626 2906 ad
650 2848 813 2908 Caesarem
836 2860 994 2929 venerant,
1017 2856 1164 2915 nuntium
1191 2859 1234 2918 ad

230 2952 300 2991 enm
315 2933 431 2994 mittit:
453 2939 515 2998 nisi
532 2943 705 3003 subsidium
720 2945 781 3005 sibi
796 2948 1009 3026 submittatur,
1025 2971 1092 3012 sese
1108 2953 1233 3015 diutius

229 3029 384 3090 sustinere
399 3053 461 3093 non
475 3056 575 3113 posse.

178 3157 206 3203 30
271 3127 303 3194 7.
332 3129 379 3189 Ro
399 3133 437 3190 de
454 3133 557 3193 media
573 3143 663 3196 noete
682 3139 795 3200 Caesar
810 3141 908 3202 isdem
929 3145 1059 3206 ducibus
1077 3166 1152 3206 usus
1174 3151 1233 3226 qui

229 3227 332 3286 nuntii
353 3228 392 3286 ab
411 3227 494 3288 Ionio
514 3239 672 3306 venerant,
691 3235 846 3297 Numidas
865 3245 897 3298 et
917 3240 1025 3301 Cretas
1047 3243 1232 3319 sagittarios

230 3328 262 3382 et
276 3323 453 3384 funditores
468 3323 614 3386 Baleares
630 3329 768 3391 subsidio
780 3335 943 3412 oppidanis
959 3337 1074 3416 mittit;
1095 3359 1234 3419 quorum
