2718 3706
570 179 680 226 urana
702 179 741 225 11.
1053 160 1059 170 ‘
1135 159 1176 222 29

126 349 279 427 pinquare
297 352 513 425 cognoverant.
557 346 617 406 His
639 345 821 423 persuaderi
837 350 874 404 ut
891 343 1010 405 diutius
1030 361 1127 402 mora

127 451 236 505 rentur
250 465 350 522 neque
366 445 430 504 suis
446 443 597 503 auxilium
613 443 733 502 ferrent
747 461 810 502 non
824 446 957 521 poterat.

167 539 217 605 ll.
246 543 294 600 Ea
308 561 341 600 re
359 541 539 615 constituta,
556 541 692 600 secunda
704 539 817 617 vigilia
833 557 945 616 magno
964 557 1034 598 cum
1052 543 1128 598 stre-

128 638 198 715 pitu
212 657 247 698 ac
261 637 402 697 tumultu
418 637 529 697 castris
547 637 673 713 egressi,
689 637 777 695 nullo
794 642 879 696 certo
897 635 1006 695 ordine
1026 653 1128 711 neque

127 735 268 812 imperio,
283 754 352 795 cum
370 735 430 794 sibi
448 734 581 812 quisque
599 734 736 811 primum
752 733 875 793 itineris
890 733 993 792 locum
1006 736 1128 810 peteret
1154 759 1164 808 5

128 839 160 892 et
183 833 310 891 domum
334 832 497 909 pervenire
522 836 711 909 properaret,
734 831 878 890 fecerunt
898 835 935 888 ut
956 828 1128 889 consimilis

128 931 221 1007 fugae
246 929 399 1006 profectio
424 929 592 988 videretur.
645 929 713 987 Hac
742 947 774 987 re
800 927 909 987 statim
935 927 1049 987 Caesar
1073 945 1129 1004 per

128 1027 340 1104 speculatores
362 1025 486 1101 cognita
502 1025 634 1085 insidias
649 1025 779 1100 veritus,
796 1025 880 1102 quod
899 1043 961 1102 qua
979 1024 1018 1084 de
1037 1041 1130 1084 causa

128 1123 325 1184 discederent
349 1123 487 1182 nondum
510 1127 721 1200 perspexerat,
745 1121 916 1181 exercitum
942 1119 1130 1198 equitatum·

129 1239 189 1298 que
209 1219 319 1280 castris
339 1219 503 1279 continuit.
546 1219 653 1279 Prima
672 1220 742 1280 luce
763 1219 946 1280 confirmata
966 1238 1000 1278 re
1021 1219 1060 1279 ab
1081 1237 1131 1278 ex·
1154 1246 1180 1278 ιο

129 1317 338 1395 ploratoribus
364 1335 487 1376 omnem
512 1317 689 1394 equitatum
710 1317 765 1395 qui
787 1316 995 1378 novissimum
1019 1334 1130 1392 agmen

128 1419 302 1474 moraretur
316 1413 487 1491 praemisit.
517 1413 579 1472 His
594 1414 628 1484 Q.
641 1415 774 1473 Pedium
789 1419 821 1474 et
836 1415 870 1473 L.
882 1413 1131 1473 Aurunculeium

129 1513 253 1573 Cottam
268 1511 388 1588 legatos
402 1510 569 1588 praefecit3
590 1512 626 1569 Τ.
637 1511 809 1573 Labienum
820 1511 960 1587 legatum
974 1530 1045 1570 cum
1057 1509 1132 1586 legi-

129 1609 240 1668 onibus
260 1608 361 1667 tribus
384 1607 533 1685 subsequi
554 1607 655 1667 iussit.
698 1608 743 1666 Hi
764 1608 952 1669 novissimos
974 1608 1077 1668 adorti
1098 1613 1131 1668 et

130 1706 231 1764 multa
254 1705 344 1764 milia
367 1723 518 1782 passuum
542 1705 700 1783 prosecuti
725 1725 867 1782 magnam
893 1705 1128 1765 multitudinem
1155 1731 1179 1780 ις

130 1822 235 1862 eorum
256 1801 446 1878 fugientium
467 1801 679 1876 conciderunt,
695 1820 765 1861 cum
786 1803 826 1862 ab
846 1808 986 1862 extremo
1007 1802 1130 1879 agmine

130 1901 170 1959 ad
191 1919 268 1976 quos
290 1905 420 1958 ventum
442 1903 510 1958 erat
532 1897 739 1958 consisterent
764 1899 952 1976 fortiterque
976 1899 1130 1976 impetum

130 2001 307 2056 nostrorum
331 1995 469 2054 militum
490 1995 699 2071 sustinerent;
725 1995 853 2073 priores,
876 1996 960 2074 quod
984 1996 1092 2056 abesse
1113 2013 1132 2054 a

130 2093 269 2172 periculo
283 2092 466 2152 viderentur
480 2111 581 2169 neque
596 2092 662 2152 ulla
676 2093 863 2153 necessitate
881 2111 982 2170 neque
1000 2093 1131 2170 imperio

130 2191 373 2264 continerentur,
403 2189 551 2249 exaudito
579 2191 713 2250 clamore
744 2189 936 2268 perturbatis
969 2189 1130 2249 ordinibus
1154 2217 1181 2248 ιο

131 2305 238 2348 omues
258 2287 292 2346 iu
311 2287 387 2363 fuga
407 2285 469 2345 sibi
489 2287 681 2364 praesidium
701 2292 861 2364 ponerent.
904 2287 956 2346 Ita
977 2287 1045 2346 sine
1065 2285 1130 2345 ullo

130 2383 270 2462 periculo
298 2389 419 2444 tantam
447 2401 553 2442 eorum
581 2383 818 2443 multitudinem
845 2383 947 2443 nostri
971 2383 1133 2443 interfece-

130 2487 205 2540 runt
227 2486 380 2558 quantum
404 2480 467 2539 fuit
492 2479 556 2540 diei
582 2480 728 2558 spatium,
750 2481 808 2540 sub
829 2499 1032 2558 occasumque
1055 2479 1130 2540 solis

105 2578 330 2652 destiterunt,
357 2595 452 2656 seque
476 2577 510 2636 in
534 2582 644 2652 castra,
670 2581 707 2636 ut
735 2582 803 2637 erat
830 2577 1028 2656 imperatum,
1051 2595 1131 2638 reee-

130 2681 252 2754 perunt.
1153 2703 1180 2753 25

171 2770 225 2837 12.
254 2771 412 2831 Postridie
433 2771 500 2831 eius
526 2771 589 2830 diei
613 2771 735 2847 Caesar,
758 2771 941 2850 priusquam
966 2789 999 2832 se
1023 2771 1131 2833 hostes

130 2889 169 2930 ex
190 2876 309 2929 terrore
330 2887 366 2928 ac
387 2868 464 2944 fuga
483 2868 667 2947 reciperent,
687 2867 721 2926 in
741 2867 819 2928 fines
842 2868 1053 2944 Suessionum,
1076 2869 1132 2948 qui

130 2966 266 3044 proximi
285 2965 393 3024 Remis
413 2969 510 3039 erant,
527 2964 698 3026 exercitum
720 2965 811 3026 duxit
832 2971 864 3025 et
885 2983 997 3042 magno
1018 2967 1131 3027 itinere

130 3064 272 3134 confecto
300 3063 340 3122 ad
367 3060 518 3138 oppidum
546 3060 771 3120 Noviodunum
800 3063 970 3123 contendit.
1024 3065 1064 3125 Id
1093 3083 1132 3124 ex

129 3161 242 3220 itinere
257 3176 437 3236 oppugnare
456 3162 594 3232 conatus,
611 3158 695 3235 quod
707 3177 840 3219 vacuum
858 3161 896 3220 ab
914 3160 1131 3222 defensoribus
1154 3187 1181 3234 30

129 3276 198 3317 esse
219 3256 374 3329 audiebat,
397 3259 526 3332 propter
546 3253 748 3314 latitudinem
769 3256 872 3316 fossae
895 3255 1039 3333 murique
1063 3255 1132 3314 alti-

129 3354 272 3416 tudinem
302 3351 410 3432 paucis
442 3351 684 3412 defendentibus
716 3371 893 3433 expugnare
924 3371 988 3412 non
1015 3351 1128 3430 potuit.
