2718 3706
582 177 682 226 BOOK
704 178 743 224 11.

221 383 283 441 But
299 382 345 440 ibe
363 382 488 440 soldiers
505 382 568 438 aad
584 382 762 439 lieutenonls
779 382 863 438 lcnozo
881 381 959 440 what
975 389 1004 440 to
1021 384 1070 441 do.

188 504 246 570 20.
269 502 395 564 Caeseri
407 501 511 561 omnia
523 509 583 561 ouo
594 507 734 579 tempore
746 507 834 561 erant
846 503 979 579 agenda:
996 504 1145 564 vexillum

147 601 392 678 proponendum,
409 604 532 675 signum
551 599 628 658 tuba
643 598 790 675 dandum,
806 599 845 659 ab
866 618 958 677 opere
980 602 1146 662 revocandi

147 699 273 772 milites,
289 696 371 756 acies
385 696 578 771 instruenda,
594 696 712 756 milites
728 696 920 773 cohortandi,
937 703 1060 774 signum
1075 700 1147 758 dan-

146 796 230 855 dum.
280 795 416 864 Quorum
441 799 544 852 rerum
567 801 712 870 megnam
734 800 854 871 partem
876 795 1026 872 temporis
1048 796 1147 855 brevi·

146 899 195 952 tas
213 897 245 951 et
263 908 423 951 successus
441 890 580 949 hostium
595 890 793 968 impediebat.
838 891 900 951 Sed
918 897 985 951 erat
1007 892 1146 952 subsidio
1168 910 1183 959 5

81 1035 84 1041 .
145 989 279 1049 scientia
299 993 393 1065 atque
416 994 489 1046 osus
512 987 657 1063 militum,
680 988 764 1064 quod
785 987 997 1066 superioribus
1019 989 1146 1066 proeliis

146 1085 319 1160 exerciteti,
349 1092 410 1144 non
439 1084 543 1144 minus
572 1085 731 1144 commode
758 1084 822 1163 ipsi
849 1085 910 1144 sibi
937 1086 1145 1163 praescribere

146 1203 240 1262 quam
261 1183 300 1242 ab
320 1181 392 1241 aliis
412 1181 516 1241 doceri
530 1186 685 1260 poterant.
728 1182 896 1242 Praeterea
916 1183 955 1242 ab
976 1201 1068 1260 opere
1087 1182 1148 1241 sin-

146 1281 289 1357 gulisque
320 1278 496 1354 legionibus
528 1279 669 1356 singulos
698 1278 818 1355 legetos
847 1280 961 1340 Caesar
988 1279 1146 1340 discedere

145 1382 298 1437 vetuerat.
355 1375 399 1435 Hi
431 1381 559 1454 propter
589 1375 857 1453 propinquitatem
889 1381 922 1436 et
951 1376 1144 1436 celeritetem
1171 1403 1198 1436 10

145 1474 285 1534 hostium
306 1473 387 1532 nihil
408 1473 471 1532 iam
493 1472 634 1534 Caesaris
656 1473 824 1551 imperium
841 1475 1074 1551 exspectabant,
1091 1473 1146 1534 sed

145 1590 248 1650 perse
263 1590 342 1648 quae
358 1571 544 1629 videbantur
558 1569 830 1630 administrebant.

211 1690 355 1746 propono,
369 1686 486 1735 ostendo.
688 1687 860 1735 commode:
880 1693 946 1748 apte,
959 1687 1031 1736 bene.

210 1783 371 1828 successus,
386 1781 511 1826 accessus,
525 1767 563 1816 lo.
691 1769 874 1839 praescribo,
885 1771 1030 1830 praecipio.

211 1853 390 1910 subsidium,
404 1851 545 1909 aracillum,
559 1849 583 1899 6.
690 1855 768 1909 veto,
779 1850 916 1911 prohibeo.

211 1938 289 1993 osus,
301 1934 469 1995 experientia.
686 1934 906 1992 propinquitas,
920 1935 1052 1984 vicinitus.

210 2018 405 2075 exercitetus,
414 2016 528 2077 perotus.
687 2017 883 2065 administro:
898 2017 1035 2088 provideo,
1050 2030 1110 2079 ugo.

188 2175 330 2251 Fipblinq
344 2175 444 2249 begins
458 2173 556 2247 before
571 2173 617 2230 tlte
631 2173 757 2230 soldiere
771 2190 828 2230 con
843 2190 911 2232 arra
925 2173 1101 2232 themselves.

187 2293 239 2360 21.
262 2295 376 2356 Caesar
390 2293 574 2354 neeesseriis
590 2294 680 2353 rebus
696 2293 859 2371 imperetis
878 2295 919 2354 ad
937 2294 1143 2356 cohortandos

145 2393 261 2452 milites
295 2391 472 2451 decucurrit
505 2397 536 2450 et
568 2392 608 2450 ad
638 2391 793 2468 legionem
824 2391 974 2452 decimam
1007 2392 1142 2452 devenit.

144 2490 264 2549 Milites
285 2497 347 2548 non
368 2488 509 2564 longiore
523 2488 665 2549 cretione
683 2489 864 2548 cohortetus
886 2489 979 2566 quam
1000 2489 1049 2548 uti
1070 2507 1143 2548 suae

144 2586 296 2665 pristinae
325 2585 453 2644 virtotis
482 2585 663 2644 memoriam
692 2585 864 2645 retinerent
892 2605 954 2646 neu
984 2586 1144 2664 perturbo

143 2689 253 2742 rentur
274 2682 377 2741 animo
399 2681 600 2760 hostiumque
621 2681 775 2760 impetum
796 2683 921 2742 fortiter
940 2683 1141 2758 sustinerent,
1165 2697 1180 2744 5

143 2781 227 2858 quod
247 2788 311 2839 non
332 2779 423 2856 longe
444 2779 552 2839 hostes
573 2779 712 2856 aberant,
728 2780 827 2858 proeli
847 2780 1065 2840 committendi
1087 2787 1144 2858 sig·

142 2897 218 2936 num
240 2876 335 2936 dedit.
378 2876 484 2954 Atque
506 2876 540 2935 in
561 2877 694 2936 alteram
716 2883 837 2955 partem
860 2877 936 2937 item
959 2878 1143 2939 cohortandi

143 2993 236 3034 causa
257 2973 417 3052 profectus
442 2973 655 3050 pognantibus
681 2974 822 3034 occurrit.
866 2975 1029 3052 Temporis
1054 2980 1144 3035 tanta

142 3071 206 3130 fuit
227 3070 384 3147 exiguitas
408 3070 610 3147 hostiumque
633 3075 698 3129 tam
721 3077 849 3147 perotus
871 3072 911 3131 ad
932 3071 1141 3131 dimicandum

142 3167 274 3242 animus,
300 3174 336 3227 ut
361 3175 423 3227 non
449 3167 540 3226 modo
565 3167 605 3226 ad
629 3167 764 3242 insignia
788 3168 1060 3241 adcommodanda,
1087 3167 1142 3226 sed
1167 3195 1193 3227 10

142 3265 286 3325 etiamad
298 3265 402 3340 galeas
416 3264 588 3323 induendas
599 3268 756 3340 scotisque
768 3264 939 3339 tegimenta
950 3264 1142 3323 detrodenda

141 3366 266 3439 tempus
282 3360 427 3420 defuerit.
464 3360 560 3428 Quam
577 3359 610 3416 in
624 3364 743 3435 partem
761 3361 893 3437 quisque
907 3361 946 3419 ab
960 3377 1053 3436 opere
1067 3365 1141 3418 cesu
