2718 3706
178 151 198 213 8
495 147 654 210 cassus
676 159 811 210 cunum
834 161 923 210 wss

227 329 396 408 praemisit.
439 331 473 388 T.
493 329 664 389 Labienum
682 329 820 405 legeturn
840 307 911 389 cum
928 329 1104 406 legionibus
1125 333 1242 394 tribus

226 426 375 504 subsequi
402 425 503 486 iossit.
550 426 594 484 Hi
619 425 807 484 novissimos
832 426 934 486 adorti
959 433 991 485 et
1016 427 1117 486 multa
1141 430 1242 490 milia

226 541 374 602 passuum
396 523 550 602 prosecuti
571 531 713 600 megnam
732 523 967 582 multitudinem
984 531 1092 583 eorum
1108 525 1241 600 fugien-

178 649 205 682 ιο
226 621 307 680 tium
321 622 529 682 conciderunt.
572 620 602 679 Ii
619 621 658 680 ad
679 638 757 698 quos
777 626 905 679 ventum
925 626 993 679 erat
1014 621 1239 682 consistebant

226 717 413 796 fortiterque
432 719 583 796 impetum
598 723 776 777 nostrorum
791 717 1005 792 sustinebaut;
1028 718 1083 776 sed
1098 718 1236 796 prioreS,

226 816 308 894 quod
326 817 433 876 abesse
451 835 469 876 a
486 815 622 893 periculo
637 814 832 889 videbantur,
848 815 994 874 exaudito
1011 816 1146 876 clomore
1161 838 1237 894 per-

225 914 360 974 turbetis
381 913 543 974 ordinibus
562 931 669 972 omnes
689 911 723 970 in
744 911 821 988 fuga
840 911 901 971 sibi
922 912 1113 990 praesidium
1136 922 1236 991 pone-

225 1013 309 1072 bant.
339 1013 390 1072 Ita
404 1013 471 1072 siue
488 1011 550 1071 ollo
566 1012 700 1089 periculo
716 1019 860 1088 megnam
872 1019 977 1071 eorum
990 1011 1233 1072 multitudinem

177 1130 202 1176 15
226 1112 325 1171 nostri
335 1111 839 1186 interfeceruntsuboocesumqne
849 1110 924 1169 solis
934 1109 1121 1169 destiterunt
1131 1115 1232 1188 seque

225 1209 258 1268 in
272 1215 383 1284 castra,
399 1214 435 1267 ut
449 1213 516 1266 erat
531 1207 727 1284 imperetum²
743 1212 933 1284 receperunt.

274 1327 434 1384 constituo,
449 1329 544 1382 statuo,
560 1322 597 1370 10.
742 1324 921 1381 subsequor:
930 1323 1085 1384 prosequor,
1092 1323 1233 1386 imaquor.

273 1409 432 1465 strepltns:
451 1407 558 1464 olomor,
565 1406 698 1467 fremitus.
740 1407 870 1465 adorior,
885 1405 1033 1468 udoredior,
1048 1405 1087 1456 10.

273 1492 445 1549 conslmllls,
456 1491 607 1552 persimilis.
740 1491 876 1548 concido,
891 1491 988 1550 occido,
1004 1489 1042 1538 10.

273 1587 385 1631 vereor,
398 1575 485 1632 timeo,
501 1573 521 1621 1.
739 1574 880 1630 consisto,
892 1579 942 1632 sto,
955 1572 979 1622 6.

273 1670 383 1716 moror,
395 1663 511 1718 cunctor,
525 1655 548 1707 7.
739 1656 881 1715 sustineo,
894 1662 1020 1716 sustento,
1033 1654 1056 1704 6.
1138 1673 1142 1678 ·

224 1821 255 1882 A
269 1825 377 1900 forced
397 1825 499 1884 moret
524 1827 587 1884 aud
609 1826 708 1885 uttuolc
729 1845 768 1886 ou
789 1826 1013 1885 Nouiodunum.
1062 1829 1123 1886 Tue
1146 1835 1228 1888 town

631 1927 814 1984 surrenders.

265 2035 317 2102 12.
348 2027 502 2099 Postridie
528 2038 594 2097 eius
623 2039 685 2098 diei
710 2039 824 2099 Caesar
849 2037 883 2096 in
910 2039 991 2098 fines
1021 2038 1225 2100 Suessionum

223 2133 394 2194 exercitum
415 2136 504 2195 doxit
525 2141 557 2194 et
580 2142 691 2212 mogno
712 2135 826 2195 itinere
848 2136 991 2196 conlecto
1012 2136 1052 2196 ad
1072 2136 1224 2214 oppidum

223 2231 444 2292 Noviodunum
456 2232 626 2292 contendit.
667 2232 706 2290 Id
717 2252 755 2290 ex
767 2233 879 2292 itinere
891 2241 1069 2310 oppuguore
1081 2238 1220 2307 conotus

224 2329 306 2406 quod
327 2347 459 2388 vacuum
480 2330 519 2388 ab
540 2327 756 2388 defensoribus
781 2348 850 2388 esse
871 2330 1026 2406 audiebat,
1047 2337 1222 2409 expugnere

187 2442 200 2488 5
223 2431 286 2484 non
307 2424 418 2504 potuit.
463 2425 594 2485 Interim
616 2425 717 2484 omnis
739 2443 777 2483 ex
798 2427 874 2503 fuga
896 2427 1097 2489 Suessionum
1119 2427 1223 2486 multi-

222 2522 298 2581 tudo
308 2521 342 2580 in
353 2522 502 2599 oppidum
515 2522 657 2599 proxima
670 2527 761 2580 nocte
772 2523 926 2583 convenit.
961 2525 1112 2586 Celeriter
1123 2524 1221 2584 vineis

167 2671 168 2676 ,
223 2619 262 2676 ad
283 2618 431 2695 oppidum
455 2619 542 2692 eutis,
565 2636 676 2694 aggere
698 2616 779 2675 iacto
802 2620 1004 2700 turribusque
1029 2621 1219 2696 constitotis,

223 2714 437 2790 megnitodine
459 2733 587 2792 operum
610 2717 642 2770 et
665 2711 825 2771 eeleritete
851 2716 1064 2777 Romenornm
1089 2718 1222 2796 permoti

222 2815 296 2870 sunt
321 2809 510 2870 Suessiones.
554 2808 666 2884 Itaque
691 2806 810 2882 legatos
833 2811 872 2868 ad
894 2811 1056 2872 Caesarem
1081 2816 1119 2873 de
1141 2815 1222 2874 dedi-

174 2930 200 2962 10
221 2906 307 2967 tione
325 2907 457 2967 mittunt
474 2912 506 2967 et
524 2903 702 2985 petentibus
722 2903 830 2964 Remis
845 2912 881 2966 ut
896 2915 1155 2968 conserverentur
1168 2909 1220 2965 im·

222 3011 357 3085 patrant.

271 3117 405 3172 conficio,
415 3114 532 3177 perficio.
790 3129 862 3176 ago:
878 3115 958 3178 pello,
973 3112 1047 3172 doce,
1062 3110 1147 3161 eruto.

271 3201 428 3259 contendo,
442 3212 561 3261 propero.
790 3213 958 3258 permovco,
972 3208 1125 3247 commoveo.

270 3297 398 3334 vacuus:
418 3296 519 3342 eureus,
534 3283 627 3333 uodus.
787 3285 911 3345 deditio,
926 3283 1041 3334 traditio.

271 3368 401 3426 interim,
416 3367 524 3416 interea.
788 3368 925 3429 impetro,
939 3367 1090 3430 consequor.
