2718 3706
178 169 220 232 18
497 169 655 234 oAEsAn's
677 186 809 234 encore
832 188 923 235 wls

335 388 412 462 Wbp
434 389 499 463 sloy
520 389 566 446 tlte
582 407 661 463 poor
681 391 851 448 remcort?
891 392 947 449 Let
968 391 1045 449 thern
1067 391 1131 450 lipc.

270 515 327 581 28.
350 517 420 576 Hec
435 517 553 594 proelio
569 518 652 577 facto
667 525 699 578 et
713 538 808 597 prope
823 520 863 579 ed
877 519 1123 580 internecionem
1138 528 1231 597 gente

229 621 264 673 ec
289 614 414 674 nemine
438 615 628 674 Nervierum
650 618 782 690 redecto,
806 617 938 676 meieres
960 625 1046 692 netu,
1070 627 1147 696 ques
1169 627 1232 679 ima

228 730 298 770 cum
310 711 414 788 pueris
425 711 670 789 mulieribusque
682 713 715 770 in
727 713 856 791 peledes
869 714 1025 774 ceniectos
1042 716 1229 790 dixe1·emus;

228 815 380 868 censensu
406 808 544 866 omnium
571 809 625 886 qui
651 816 835 887 supererant
860 812 981 888 legetos
1004 814 1043 871 ed
1066 815 1231 873 Caesarem

194 927 206 971 5
229 911 381 965 miserunt
396 912 490 982 seque
506 906 535 964 ei
550 907 744 966 dediderunt.
786 909 902 968 Postea
916 909 949 966 in
963 911 1232 970 commemoranda

229 1004 367 1063 civitetis
393 1003 581 1079 calamitetq
606 1023 645 1063 cx
670 1006 825 1065 sexcentis
849 1007 889 1066 ad
911 1011 976 1065 tres
1000 1012 1167 1081 seneteres
1191 1027 1232 1066 ex

229 1102 389 1161 hominum
412 1103 537 1162 milibus
559 1122 601 1161 nx
623 1102 677 1160 vix
699 1104 738 1162 ed
761 1110 946 1181 quingentos
968 1105 1023 1182 qui
1042 1123 1128 1163 arma
1146 1105 1231 1164 ferre

229 1206 364 1277 possent,
381 1206 448 1259 sese
465 1201 605 1260 redectos
621 1219 688 1260 csse
704 1201 859 1260 dixerunt.
903 1202 986 1271 Ques
1009 1201 1122 1262 Caesar
1140 1207 1177 1260 ut
1195 1202 1232 1260 in

230 1296 358 1356 miseros
388 1305 423 1356 ec
448 1298 605 1375 supplices
631 1305 705 1356 esus
731 1299 945 1358 misericordia
970 1299 1136 1372 videretur,
1163 1299 1233 1358 dili-

181 1422 208 1453 10
230 1394 411 1470 gentissime
433 1395 631 1454 censesvevit
653 1401 779 1472 suisque
799 1397 915 1456 linibus
934 1401 1028 1473 atque
1043 1395 1167 1473 oppidis
1183 1396 1233 1455 uti

229 1490 321 1549 iessit
342 1497 374 1550 et
396 1491 544 1551 finitimis
559 1492 728 1570 imperevit
743 1499 779 1551 ut
794 1494 833 1552 ab
848 1493 962 1551 inieris
979 1499 1010 1551 et
1030 1492 1232 1554 maleficiose

229 1595 363 1666 suesque
379 1589 586 1666 prohiberent.

360 1735 460 1780 prope,
474 1736 565 1782 poene,
581 1721 619 1769 19.
811 1725 935 1782 oenlclo,
950 1723 1057 1784 deperio,
1071 1722 1109 1773 16.

359 1805 531 1862 internecio,
544 1805 675 1854 interitus.
812 1807 901 1863 dedo,
914 1807 1044 1865 permitte,
1060 1806 1098 1853 15.

235 1901 247 1922 ·
326 1937 330 1943 ,
358 1888 472 1947 redigo,
486 1888 589 1936 reseco.
811 1902 1021 1946 commemoro,
1037 1889 1126 1937 perro.

359 1974 454 2029 pueri,
470 1971 554 2030 libert,
571 1968 609 2019 13.
812 1972 973 2030 finItImuS,
987 1972 1098 2030 vicinus,
1112 1971 1136 2018 2.

281 2166 342 2246 The
356 2165 511 2224 Aduatuci
521 2184 651 2240 prepare
666 2174 695 2224 to
710 2167 797 2224 melre
812 2185 832 2225 o
846 2169 999 2241 desperate
1013 2169 1180 2226 resisterem.

270 2295 327 2360 29.
350 2295 517 2372 Aduetuci,
534 2296 589 2373 qui
609 2315 679 2355 cum
695 2297 839 2356 omnibus
855 2297 953 2374 sepiis
968 2297 1085 2355 anxilio
1100 2298 1231 2358 Nerviis

229 2393 403 2468 veniebant,
419 2394 478 2453 hec
493 2400 596 2471 pegus
610 2394 756 2452 mentieta
770 2413 809 2452 cx
824 2393 937 2452 itinere
952 2394 1078 2452 domum
1097 2400 1232 2454 reverte-

229 2497 318 2567 runt;
341 2491 461 2550 semotis
482 2490 606 2569 oppidis
625 2491 824 2567 castellisque
841 2490 973 2552 desertis
995 2510 1051 2550 sua
1072 2491 1177 2550 omnia
1195 2491 1231 2550 in

229 2596 325 2647 sinum
355 2588 505 2665 oppidum
537 2589 659 2665 egregie
693 2594 805 2656 uetera
833 2593 987 2646 mimitum
1016 2589 1227 2648 contulerunt.

194 2703 207 2748 5
230 2686 318 2754 Quod
339 2704 378 2743 ex
401 2686 543 2744 omnibus
566 2686 600 2744 in
624 2685 757 2746 circuitu
781 2685 923 2762 partibus
945 2685 1115 2744 altissimas
1136 2692 1230 2762 repes

230 2782 454 2859 despectusque
476 2783 618 2859 habebat,
636 2785 690 2843 sed
712 2792 772 2843 sina
794 2804 832 2842 ex
854 2789 943 2861 parte
965 2783 1079 2842 leniter
1097 2782 1230 2842 adcliiris

230 2879 333 2938 aditus
345 2880 591 2956 relinquebetur3
615 2901 707 2958 quem
722 2882 823 2940 locum
841 2881 959 2958 duplici
975 2880 1129 2940 altissimo
1140 2887 1231 2938 muro

229 2975 419 3052 menierant3
437 2982 504 3035 tum
517 2977 622 3052 megni
633 2979 779 3054 ponderis
796 2997 871 3038 sexa
885 2985 916 3037 et
931 2983 1112 3056 praeacutas
1124 2977 1230 3036 trabes

230 3075 263 3133 in
279 3080 363 3132 mero
378 3074 588 3133 conlocebant.
622 3075 690 3151 Ipsi
705 3082 794 3134 erent
809 3095 848 3134 ex
863 3075 997 3137 Cimbris
1015 3077 1230 3150 Teutonisque

181 3200 208 3232 10
230 3170 383 3250 pregneti,
410 3171 472 3247 qui,
498 3190 568 3230 cum
596 3170 656 3230 iter
684 3172 717 3229 in
746 3173 938 3248 previnciam
966 3179 1105 3232 nostram
1134 3175 1230 3246 atque

230 3259 356 3326 ltaliam
378 3267 526 3339 facerent,
550 3269 722 3326 oustediom
748 3289 787 3327 ex
812 3270 877 3328 suis
903 3278 937 3328 r'io
959 3269 1151 3346 praesidium
1173 3286 1230 3326 sex

231 3364 318 3421 milis
349 3361 510 3419 hominum
539 3361 739 3438 reliquerunt.
796 3365 841 3422 Hi
872 3371 944 3442 post
972 3374 1079 3436 perum
1107 3364 1228 3424 obitum
