2718 3706
160 101 203 163 40
527 109 558 164 c.
581 77 661 164 runi
683 117 860 165 conserus

211 283 430 361 adaequarent,
456 289 488 342 et
512 289 618 343 tamen
642 283 768 343 circiter
791 289 881 361 parte
909 284 1012 358 tertia,
1039 289 1075 343 ut
1102 290 1216 363 postea

211 386 409 458 perspectum
434 365 491 456 est,
513 381 615 440 celata
637 387 733 458 atque
758 380 792 439 in
816 380 931 458 oppido
957 387 1087 458 retenta,
1110 382 1214 460 portis

211 477 378 555 patefactis
393 496 429 537 eo
444 477 494 536 die
509 496 586 555 pace
601 483 676 537 sunt
690 477 748 537 usi.

252 571 310 637 33.
341 573 405 633 Sub
419 593 583 651 vesperum
599 574 712 634 Caesar
726 579 833 652 portas
854 573 958 634 claudi
977 574 1158 652 militesque
1174 595 1215 635 cx

177 693 187 741 ς
211 670 326 748 oppido
340 670 425 729 exire
440 671 541 745 iussit,
557 689 595 730 ne
611 690 705 747 quam
719 677 815 731 noctu
829 671 979 749 oppidani
998 672 1036 731 ab
1056 671 1213 732 militibus

212 765 359 826 iniuriam
380 767 564 845 acciperent.
609 767 664 826 llli
686 775 758 828 ante
779 768 868 843 inite,
883 774 920 828 ut
941 768 1139 828 intellectum
1153 777 1212 844 est,

212 863 350 939 consilio,
376 865 461 941 quod
483 863 642 924 deditione
665 865 751 925 facta
774 871 898 924 nostros
922 865 1080 943 praesidia
1102 867 1215 926 deduc-

211 965 299 1020 turos
313 966 368 1020 aut
383 961 518 1039 denique
533 961 751 1038 indiligentius
767 968 944 1022 servaturos
965 963 1163 1022 crediderant
1172 1000 1215 1009 -

211 1057 325 1135 partim
351 1077 422 1117 cum
446 1057 485 1117 iis
510 1077 589 1136 quae
618 1059 812 1118 retinuerant
839 1065 872 1119 et
899 1059 1077 1119 celaverant
1106 1061 1213 1136 armis,

164 1176 190 1208 ιο
212 1155 327 1232 partim
349 1155 447 1214 scutis
472 1174 512 1214 ex
535 1155 650 1215 cortice
675 1156 769 1216 factis
794 1162 849 1216 aut
874 1157 1044 1216 viminibus
1069 1157 1212 1232 intextis,

212 1270 291 1328 quae
306 1251 418 1326 subito,
431 1258 467 1311 ut
480 1253 631 1330 temporis
647 1253 801 1329 exiguitas
817 1255 1005 1331 postulabat,
1018 1254 1153 1332 pellibus
1168 1255 1215 1312 in-

212 1349 521 1408 duxerant—tertia
535 1349 653 1426 vigilia,
669 1369 732 1426 qua
748 1351 877 1410 minime
892 1351 1006 1410 arduus
1028 1353 1068 1410 ad
1089 1358 1214 1411 nostras

212 1445 402 1506 munitiones
417 1465 564 1506 ascensus
578 1447 753 1522 videbatur,
769 1448 913 1507 omnibus
931 1448 1029 1526 copiis
1047 1449 1214 1524 repentino

213 1562 259 1602 ex«
273 1543 388 1620 oppido
409 1543 605 1622 eruptionem
626 1543 777 1604 fecerunt.
821 1545 981 1620 Celeriter,
997 1551 1034 1604 ut
1053 1551 1125 1604 ante
1141 1546 1215 1606 Cae·

164 1663 189 1712 15
213 1659 264 1700 sar
284 1639 462 1718 imperarat,
483 1640 608 1717 ignibus
634 1640 863 1717 significatione
887 1643 973 1701 facta
997 1661 1036 1701 ex
1060 1642 1214 1718 proximis

213 1737 352 1798 castellis
373 1757 410 1798 eo
430 1757 615 1798 concursum
633 1744 689 1812 est,
705 1744 940 1816 pugnatumque
955 1739 994 1798 ab
1008 1738 1152 1798 hostibus
1167 1739 1216 1798 ita

213 1835 327 1895 acriter
351 1841 400 1895 est
427 1840 464 1894 ut
491 1854 510 1894 a
534 1835 611 1894 viris
636 1835 773 1894 fortibus
798 1835 831 1893 in
856 1841 997 1894 extrema
1020 1854 1075 1913 spe
1101 1835 1214 1895 salutis

213 1932 322 2011 iniquo
335 1933 403 1992 loco
418 1938 527 1992 contra
541 1951 593 1992 eos
609 1932 664 2009 qui
685 1951 724 1991 ex
745 1931 828 1991 vallo
842 1933 1044 2011 turribusque
1059 1933 1124 1992 tela
1137 1933 1217 1993 iace-

213 2036 284 2089 rent
311 2029 443 2108 pugnari
472 2030 588 2105 debuit,
615 2049 684 2089 cum
713 2029 746 2088 in
773 2048 837 2088 una
863 2029 983 2089 virtute
1010 2030 1111 2090 omnis
1141 2049 1214 2108 spes

163 2157 192 2189 20
214 2126 325 2186 salutis
346 2127 539 2187 consisteret.
583 2126 701 2187 Occisis
727 2125 767 2186 ad
790 2125 952 2185 hominum
973 2127 1100 2186 milibus
1126 2134 1216 2205 quat-

214 2229 285 2284 tuor
299 2224 413 2301 reliqui
428 2225 462 2282 in
476 2223 625 2302 oppidum
640 2223 748 2282 reiecti
763 2228 846 2283 sunt.
888 2223 1046 2282 Postridie
1068 2224 1134 2283 eius
1150 2225 1216 2284 diei

214 2321 358 2381 refractis
380 2320 488 2398 portis,
504 2339 573 2380 cum
595 2320 657 2380 iam
678 2320 861 2380 defenderet
883 2339 981 2395 nemo,
1004 2325 1098 2397 atque
1114 2320 1217 2380 intro-

214 2418 318 2478 missis
333 2417 489 2476 militibus
504 2418 620 2476 nostris
637 2417 806 2499 sectionem
824 2417 891 2476 eius
911 2416 1020 2494 oppidi
1034 2417 1215 2477 universam

214 2517 327 2577 Caesar
341 2513 493 2575 vendidit.
536 2515 587 2574 Ab
608 2514 647 2574 iis
670 2514 724 2592 qui
746 2520 886 2574 emerant
907 2514 1047 2592 capitum
1065 2533 1216 2574 numerus

164 2637 189 2684 ²5
214 2615 254 2672 ad
268 2633 337 2672 cum
352 2613 469 2672 relatus
485 2617 533 2672 est
548 2611 670 2670 milium
685 2611 914 2689 quinquaginta
927 2611 1032 2670 trium.

256 2709 312 2775 34.
341 2711 459 2769 Eodem
481 2715 621 2787 tempore
646 2728 664 2768 a
684 2709 718 2767 P.
743 2709 863 2783 Crasso,
886 2728 979 2786 quem
1000 2729 1071 2768 cunr
1091 2709 1217 2786 legione

214 2826 278 2866 una
297 2805 425 2864 miserat
447 2807 487 2864 ad
507 2807 653 2880 Venetos
674 2805 816 2880 Unellos,
833 2806 981 2881 Osismos,
998 2805 1216 2882 Ouriosolitas,

214 2901 357 2975 Esuvios,
380 2901 540 2976 Aulercos,
563 2902 717 2977 Redones,
740 2921 819 2979 quae
846 2908 919 2962 sunt
943 2902 1119 2962 maritimae
1142 2903 1219 2962 civi-

214 3007 296 3061 tates
323 3000 541 3075 Oceanumque
566 2998 737 3074 attingunt,
763 2999 877 3058 certior
903 2999 1005 3058 factus
1031 3005 1079 3058 est
1107 3018 1217 3059 omnes

166 3120 194 3166 30
216 3116 267 3157 eas
289 3096 435 3156 civitates
457 3094 491 3152 in
512 3093 666 3153 dicionem
686 3099 939 3172 potestatemque
956 3095 1065 3172 populi
1080 3096 1219 3155 Romani

216 3212 284 3252 esse
298 3192 450 3251 redactas.
