2718 3706
492 169 650 234 emsnn's
674 187 807 234 senum
830 185 917 235 were

271 388 377 452 Oaesar
395 390 484 450 leeies
504 397 559 448 two
580 390 691 466 legions
711 392 775 448 end
795 390 931 450 marshes
950 393 1071 467 against
1089 393 1174 452 them.

263 502 297 568 2.
311 571 313 574 ,
327 504 387 562 His
402 503 522 563 nuntiis
536 503 715 580 litterisque
727 508 900 563 commetus
915 508 964 564 est
975 504 1097 564 Caesar.
1134 507 1221 566 Duas

220 599 360 676 legiones
381 600 415 659 in
436 600 580 660 eiteriere
602 599 707 662 Gallia
727 618 823 659 novas
845 601 1038 678 censeripsit.
1081 602 1121 660 In
1145 602 1222 662 inte

221 697 334 757 rierem
357 697 493 758 Galliam
507 697 573 788 ,qui
597 697 654 756 has
679 696 818 774 legiones
842 697 1064 784 dedeceret‚Q.
1088 699 1221 758 Pedium

221 797 360 874 legetum
389 794 483 853 misit.
526 794 608 871 Ipse,
634 812 705 854 eum
735 799 869 871 primurn
899 793 1008 871 pebuli
1037 795 1127 872 oepia
1153 813 1221 855 esse

186 912 199 959 5
222 894 382 972 inciperet,
405 892 445 951 ad
466 890 638 950 exereitum
660 890 779 952 venit!
802 890 939 950 Senones
960 891 1093 950 finitimi
1114 891 1220 969 Belgis

222 997 318 1053 erant.
360 991 409 1050 Ea
422 1007 500 1066 quae
516 988 600 1065 apud
613 987 727 1064 Belgas
743 993 892 1063 geruntur
908 995 1099 1064 eegneseunt
1114 989 1222 1049 (laesa

222 1107 349 1167 remque
369 1087 407 1147 de
426 1086 474 1144 his
494 1087 585 1145 rebus
608 1086 772 1144 eertierem
797 1085 927 1144 faciunt.
971 1085 1017 1143 Hi
1041 1092 1222 1171 eenstanter

222 1204 328 1248 omnes
340 1184 565 1244 nentieverunt
576 1201 686 1243 manus
698 1183 774 1260 eegi,
785 1183 956 1243 exereitum
968 1183 1001 1241 in
1013 1190 1108 1242 tinum
1117 1183 1220 1242 loeum

222 1284 360 1344 eonddei.
403 1283 484 1339 Tum
508 1287 664 1340 veronen
687 1280 845 1340 dubitevit
870 1281 984 1342 Caesar
1008 1286 1084 1357 quin
1107 1281 1147 1338 ad
1168 1298 1220 1340 eos

175 1411 202 1443 10
223 1379 477 1457 proficisceretur.
521 1379 637 1459 Itaque
656 1384 760 1438 castra
783 1384 888 1438 movet
908 1377 1078 1454 diebusque
1097 1376 1222 1436 circiter

223 1476 398 1553 quindecim
413 1477 453 1536 ad
467 1476 548 1535 lines
563 1475 732 1552 Belgerum
746 1474 899 1553 pervenit.
909 1527 930 1540 .,

287 1591 421 1649 nentina,
434 1591 532 1640 remor.
876 1594 959 1651 eego,
973 1592 1084 1653 coeliae.

223 1727 226 1734 ,
287 1675 456 1722 finitimus:
475 1675 586 1733 ciricus,
598 1673 775 1735 propinquus.
877 1676 1020 1732 contineo,
1034 1675 1147 1735 conligo.

286 1769 373 1819 gero:
392 1769 451 1819 ooo,
460 1757 545 1819 socio.
880 1758 1028 1815 pervenio,
1043 1756 1144 1806 accedo.

357 1909 417 1968 The
438 1910 530 1970 Remi
550 1919 582 1970 et
603 1930 673 1971 once
694 1913 773 1971 show
794 1913 841 1970 tlte
861 1913 947 1970 white
961 1912 1089 1986 fecilior.

265 2020 299 2089 3.
328 2023 375 2083 Eo
389 2024 427 2083 de
448 2023 618 2102 impreviso
639 2026 844 2104 celeriterque
858 2024 945 2084 venit
966 2024 1086 2084 Caesar.
1129 2023 1222 2085 Remi

223 2120 263 2181 ad
276 2103 480 2197 euni'legetos
496 2122 613 2182 loeium
634 2128 666 2180 et
686 2121 972 2181 Andecumborium
992 2127 1150 2196 miserunt,
1167 2121 1221 2199 qui

223 2215 368 2278 dixerunt
388 2237 421 2276 se
438 2218 543 2277 omnia
563 2219 597 2276 in
618 2218 712 2276 fidem
734 2225 827 2295 atque
849 2219 883 2277 in
905 2225 1093 2296 potestetem
1113 2218 1221 2296 populi

223 2314 358 2374 Remeni
379 2315 569 2392 permittere.
614 2321 632 2350 “
641 2314 733 2373 Remi
754 2334 854 2392 neque
875 2335 945 2375 eum
966 2316 1072 2392 Belgis
1093 2315 1221 2392 reliquis

33 2450 36 2467 .
131 2447 167 2486 μ»
188 2429 201 2475 5
224 2417 447 2472 censenserunt
466 2431 567 2490 neque
588 2419 697 2472 eontra
718 2413 868 2489 populum
890 2415 1065 2474 Remenum
1088 2414 1222 2473 coniere-

225 2513 366 2588 verunt.',
389 2509 498 2569 Pareti
520 2516 594 2570 sunt
615 2511 738 2570 obsides
760 2513 833 2572 dare
855 2519 887 2572 et
909 2515 1048 2574 Caesaris
1070 2515 1223 2591 impertita

224 2607 326 2666 faeere
336 2611 367 2666 et
377 2625 448 2666 eum
460 2607 583 2686 oppidis
593 2608 730 2684 recipere
741 2613 773 2666 et
782 2609 939 2669 fremente
950 2616 1122 2688 ceterisque
1132 2611 1222 2669 rebus

224 2703 340 2763 iuvere.
383 2704 511 2782 Reliqui
526 2723 632 2764 omnes
647 2705 763 2781 Belgae
778 2705 811 2763 in
826 2707 919 2766 armis
939 2714 1020 2767 sunt.
1065 2707 1221 2780 Germani,

225 2799 279 2876 qui
303 2800 347 2858 eis
373 2800 517 2860 Rhenum
545 2800 694 2874 incolunt,
724 2807 792 2860 sese
816 2821 885 2860 cum
911 2803 960 2862 his
985 2806 1221 2864 eoniimxerunt

176 2924 203 2956 ιο
225 2899 345 2957 Tantus
361 2904 409 2958 est
423 2907 530 2958 eerum
541 2897 679 2957 omnium
694 2897 782 2956 furor
796 2902 832 2955 ut
847 2917 886 2955 ne
902 2899 1082 2958 Suessiones
1098 2900 1223 2976 quidem

226 2996 379 3055 deterrere
391 2995 514 3074 possint
525 2994 626 3055 Bemi.
658 2994 840 3055 Suessiones
853 2993 967 3054 fretres
977 2996 1146 3054 Remorum
1157 3003 1225 3054 een-

225 3093 448 3172 sanguineique
461 3098 535 3152 suut
544 3094 713 3171 eedemque
726 3092 791 3152 iirre
802 3097 834 3152 et
843 3093 942 3151 isdem
953 3091 1074 3167 legibus
1084 3096 1223 3149 ittuntur.

225 3179 333 3253 Unum
351 3190 517 3269 imperium
534 3199 692 3270 finirmque
707 3191 924 3268 magistretum
942 3209 1011 3249 eum
1027 3187 1066 3246 iis
1078 3183 1224 3245 habent.''

174 3311 211 3356 de
223 3309 400 3366 impreviso:
420 3306 516 3365 subito,
528 3311 640 3367 repente.
708 3307 879 3355 censentlo:
899 3305 1016 3362 contero,
1030 3315 1070 3352 me
1082 3302 1224 3361 mettioeo.

174 3392 324 3446 permitto,
336 3390 408 3438 dedo.
707 3389 851 3447 deterreo,
863 3386 1011 3436 dieeuedco.
