2718 3706
568 179 677 226 mens
701 179 740 225 11.
1135 163 1176 230 27

125 349 263 410 adventu
277 355 310 408 et
324 346 432 407 Remis
452 366 523 408 cum
543 365 597 424 spe
618 345 811 406 defensionis
834 346 975 406 studium
996 366 1128 426 propug-

125 447 221 507 nandi
235 445 376 520 accessit,
389 449 421 504 et
435 444 579 504 hostibus
595 444 703 504 eadem
717 444 755 503 de
775 462 868 504 causa
887 462 958 522 spes
981 444 1126 521 potiundi

125 543 233 622 oppidi
248 542 401 602 discessit.
438 542 551 618 Itaque
568 541 729 619 paulisper
743 541 826 618 apud
845 541 994 618 oppidum
1014 542 1126 601 morati

125 659 277 717 agrosque
299 640 469 698 Remorum
491 639 682 716 depopulati,
701 638 846 697 omnibus
863 637 942 697 vicis
964 638 1128 698 aedificiis·

125 757 185 814 que
210 755 287 814 quos
313 737 399 795 adire
424 741 593 814 potuerant
618 734 762 810 incensis
788 736 828 794 ad
856 741 960 795 castra
984 736 1125 796 Caesaris
1152 763 1163 812 5

125 834 269 894 omnibus
298 833 396 911 copiis
425 833 654 893 contenderunt
684 837 716 891 et
748 833 787 892 ab
818 832 946 892 milibus
977 851 1125 911 passuum

125 932 229 990 minus
255 932 376 990 duobus
400 937 503 990 castra
527 935 715 1008 posuerunt,
745 949 824 1007 quae
849 935 959 1005 castra,
981 935 1018 989 ut
1039 930 1127 989 fumo

125 1034 219 1106 atque
244 1028 369 1105 ignibus
395 1027 638 1104 significabatur,
662 1027 797 1104 amplius
822 1027 949 1087 milibus
978 1047 1127 1106 passuum

124 1133 195 1186 octo
217 1126 251 1184 in
270 1125 471 1185 latitudinem
492 1125 650 1202 patebant.

165 1221 200 1287 8.
230 1224 344 1284 Caesar
360 1222 461 1300 primo
478 1228 510 1281 et
529 1227 657 1299 propter
676 1222 912 1282 multitudinem
932 1222 1072 1282 hostium
1092 1229 1124 1284 et
1151 1253 1177 1284 ιο

125 1326 253 1398 propter
272 1319 418 1379 eximiam
439 1319 617 1396 opinionem
635 1319 763 1379 virtutis
784 1320 903 1397 proelio
924 1321 1126 1398 supersedere

126 1420 256 1494 statuit3
285 1418 400 1478 cotidie
421 1423 528 1478 tamen
549 1419 746 1495 equestribus
772 1418 900 1496 proeliis
923 1419 999 1496 quid
1024 1419 1126 1480 hostis

125 1516 244 1575 virtute
272 1521 379 1594 posset
407 1521 439 1575 et
467 1515 543 1593 quid
571 1515 672 1574 nostri
699 1517 851 1575 auderent
878 1516 1123 1594 periclitabatur.

126 1613 192 1673 Ubi
210 1619 333 1673 nostros
353 1633 417 1672 non
438 1631 505 1673 esse
524 1612 690 1673 inferiores
710 1613 878 1688 intellexit,
896 1613 964 1673 loco
986 1633 1042 1693 pro
1064 1633 1126 1674 cas·

125 1716 183 1776 tris
199 1717 238 1776 ad
253 1716 351 1777 aciem
365 1717 580 1776 instruendam
592 1721 705 1775 natura
719 1722 893 1793 opportuno
905 1722 999 1794 atque
1014 1717 1125 1776 idoneo
1150 1745 1174 1792 15

125 1816 260 1892 -quod
280 1815 307 1874 is
330 1815 427 1889 collis,
450 1815 504 1874 ubi
526 1819 629 1874 castra
653 1814 757 1891 posita
778 1821 875 1889 erant,
898 1815 1061 1892 paululum
1086 1834 1125 1875 ex

127 1912 258 1990 planitie
281 1912 385 1972 editus
408 1917 533 1971 tanturn
555 1911 703 1970 adversus
721 1910 755 1968 in
774 1887 975 1970 latitbdinem
996 1913 1126 1989 patebat

126 2020 278 2093 quantum
295 2013 356 2073 loci
373 2013 454 2073 acies
474 2013 630 2073 instructa
648 2033 798 2092 occupare
819 2019 952 2092 poterat,
971 2020 1065 2092 atque
1086 2034 1124 2074 ex

125 2120 258 2191 utraque
286 2119 375 2191 parte
402 2113 510 2172 lateris
540 2112 679 2173 deiectus
708 2113 843 2172 habebat
871 2118 902 2172 et
930 2113 964 2171 in
988 2113 1124 2172 frontem

125 2210 240 2270 leniter
264 2211 433 2287 fastigatus
458 2209 612 2288 paulatim
641 2211 681 2270 ad
709 2210 874 2288 planitiem
903 2211 1125 2270 redibat-ab
1147 2239 1176 2271 ιο

124 2319 257 2390 utroque
281 2313 380 2372 latere
405 2312 471 2372 cius
497 2312 585 2372 collis
613 2317 825 2373 transversam
850 2314 968 2372 fossam
993 2312 1125 2372 obduxit

125 2411 250 2471 circiter
271 2433 420 2491 passuum
444 2401 743 2491 quadringentorum
768 2417 800 2471 et
825 2412 864 2470 ad
889 2417 1043 2472 extremas
1065 2412 1126 2471 fos-

125 2527 175 2568 sas
204 2512 334 2571 castella
358 2511 523 2571 constituit
551 2511 656 2588 ibique
684 2516 842 2570 tormenta
869 2510 1051 2583 conlocavit,
1075 2529 1123 2582 ne,

124 2625 195 2666 cum
223 2608 321 2668 aciem
349 2609 561 2681 instruxisset,
584 2608 699 2683 hostes,
723 2609 806 2686 quod
834 2613 957 2667 tantum
985 2607 1125 2666 multitu-

124 2704 197 2764 dine
215 2711 368 2783 poterant,
385 2707 424 2766 ab
440 2706 591 2766 lateribus
611 2712 787 2784 pugnantes
808 2724 879 2764 suos
900 2705 1124 2765 circumvenire
1148 2733 1173 2781 25

123 2808 262 2880 possent.
316 2805 385 2863 Hoc
413 2805 645 2868 factoduabus
673 2803 849 2880 legionibus
878 2823 955 2882 quas
984 2805 1123 2882 proxime

123 2899 352 2977 conscripserat
376 2901 410 2959 in
435 2901 546 2960 castris
572 2901 700 2973 relictis
722 2905 767 2974 ut,
791 2901 818 2960 si
843 2921 904 2978 quo
929 2920 1006 2978 opus
1031 2907 1123 2974 esset,

124 2995 265 3056 subsidio
287 2997 358 3056 duci
379 3003 517 3075 possent,
538 2997 675 3073 reliquas
698 3017 752 3056 sex
774 2997 911 3074 legiones
934 3017 990 3076 pro
1012 2999 1123 3058 castris

123 3091 157 3150 in
179 3092 244 3152 acie
266 3094 440 3154 coustituit.
483 3095 602 3152 Hostes
624 3093 700 3152 item
722 3113 794 3160 suas
820 3095 924 3173 copias
950 3115 989 3155 ex
1013 3095 1123 3156 castris

123 3189 251 3249 eductas
267 3189 491 3250 instruxerant.
1147 3217 1175 3264 30

164 3286 199 3352 9.
225 3287 321 3347 Palus
337 3293 404 3348 erat
419 3307 480 3346 non
496 3307 608 3363 magna
622 3287 705 3349 inter
719 3295 862 3350 nostrum
877 3294 971 3367 atquc
985 3287 1124 3346 hostiurn

123 3383 304 3443 exercitum.
354 3385 446 3443 Hanc
469 3383 495 3442 si
518 3385 619 3444 nostri
640 3387 812 3447 transirent
836 3387 943 3446 hostes
968 3388 1124 3460 exspecta-
