2718 3706
583 195 683 244 soon
704 196 743 241 11.
1143 175 1185 239 19

134 369 248 428 multos
270 385 367 426 annos
390 385 408 426 a
429 363 577 423 finitimis
599 362 760 439 exagitati,
777 368 930 422 censensu
946 369 1053 422 ebrum
1074 380 1135 421 om-

134 467 220 524 nium
235 465 318 523 hune
333 463 393 522 sibi
409 461 567 522 domicilio
582 461 685 520 locum
699 460 890 536 delegerunt.

232 599 373 654 revertor,
388 595 474 651 redeo,
488 593 527 642 10.
734 595 845 650 aditus,
860 605 986 650 accessus,
1002 591 1040 639 15.

232 683 367 736 eductus,
382 678 476 726 urrais.
731 677 865 733 conloco,
877 675 956 735 peno,
971 673 994 722 8.

232 762 364 821 egregie:
384 761 487 820 optime,
501 760 602 818 eximie,
617 757 640 808 8.
734 761 909 817 magnatus,
924 763 1005 816 ortus,
1018 756 1042 806 4.

232 846 398 902 despectus,
411 843 570 902 praefractas.
735 841 845 899 obitus,
860 841 990 898 interitus,
1004 839 1045 887 28.

231 927 350 984 leniter,
360 925 502 986 paulatim.
737 923 846 983 deligo,
861 923 938 984 eligo,
953 920 991 971 17.

270 1109 364 1166 From
385 1107 462 1164 their
482 1107 566 1163 avalla
586 1106 652 1180 they
673 1112 760 1163 taaaat
781 1105 828 1163 lde
849 1105 996 1164 Romans.

175 1229 232 1296 30.
262 1217 310 1288 Ᾰο
339 1233 438 1304 primo
466 1227 605 1286 adventu
632 1225 789 1286 exereitus
818 1225 918 1284 nostri
945 1226 1067 1285 crebras
1095 1243 1135 1285 ex

134 1327 249 1405 oppido
274 1324 472 1385 excursibnes
498 1324 657 1384 faciebant
682 1323 883 1400 parvulisque
909 1322 1038 1400 proeliis
1063 1341 1134 1382 cum

134 1423 251 1483 nostris
269 1422 516 1497 contendebant;
539 1427 649 1499 postea
663 1421 747 1480 vallo
762 1421 877 1498 pedum
891 1439 944 1478 xrr
956 1420 989 1478 in
1001 1420 1134 1484 circuitu

135 1540 180 1580 xv
194 1520 315 1579 milium
334 1520 511 1596 crebrisque
529 1518 668 1578 castellis
686 1518 916 1577 eircummdniti
935 1518 1050 1595 oppido
1066 1523 1134 1578 sese

135 1618 344 1677 continebant.
388 1616 454 1676 Ubi
476 1615 575 1675 vineis
601 1615 679 1674 actis
703 1634 814 1692 aggere
840 1620 998 1674 exstructo
1020 1615 1134 1674 turrim
1156 1632 1181 1680 5·

135 1715 243 1792 procul
258 1713 409 1774 ebdstitui
420 1713 574 1786 viderunt,
587 1718 721 1789 primum
733 1713 866 1772 inridere
883 1731 921 1771 ex
935 1719 1023 1771 mitro
1039 1717 1133 1789 atque

134 1811 321 1889 increpitare
336 1810 464 1870 vbeibus
482 1814 659 1886 coeperunt,
676 1810 760 1886 quod
777 1814 867 1869 tanta
885 1808 1075 1870 machinatio
1096 1809 1135 1869 ab

134 1913 224 1968 tanto
247 1907 350 1986 spatio
370 1912 596 1967 instrueretur:
619 1907 806 1984 quibusnam
827 1907 971 1966 manibus
993 1912 1048 1966 aut
1069 1907 1135 1984 qui-

136 2006 192 2064 bus
207 2005 325 2065 viribus
340 2004 525 2082 praesertim
539 2003 681 2063 homines
696 2003 838 2063 tantulae
860 2008 997 2064 staturae
1020 2003 1133 2064 turrim

134 2102 217 2162 tanti
232 2102 333 2161 oneris
349 2101 382 2160 in
397 2108 485 2160 muro
500 2106 567 2160 sese
582 2101 743 2161 conlocare
758 2101 978 2161 ebnfiderent?
1156 2125 1185 2158 ιο

233 2236 388 2292 adventus,
400 2246 527 2292 accessus,
543 2231 582 2282 15.
701 2234 826 2292 ini-ideo,
840 2233 953 2283 abidae.

233 2318 348 2375 urebar,
356 2316 492 2378 frequens,
508 2315 530 2363 l.
703 2317 857 2375 lucremur,
869 2316 1005 2366 snuledeuo.

154 2455 157 2464 ,
232 2400 380 2456 excursio,
392 2399 503 2459 iruptto.
701 2401 845 2457 tantulus,
856 2400 993 2459 parvulas.

233 2483 394 2540 ebnstltua
403 2482 484 2542 puae.
701 2494 785 2541 onus,
796 2481 910 2543 pondus.

178 2666 241 2724 But
259 2682 332 2723 soon
352 2665 417 2739 they
436 2665 494 2722 lose
514 2665 679 2740 confidente
698 2667 762 2722 aad
781 2667 853 2741 offer
871 2672 900 2723 to
921 2667 1089 2725 terrendas.

175 2785 228 2852 31.
252 2785 317 2846 Ubi
332 2791 405 2845 vero
422 2785 536 2844 turrim
557 2785 675 2845 moveri
697 2791 729 2845 et
750 2787 1000 2864 adpropinquare
1022 2788 1136 2848 moeni-

134 2885 192 2944 bus
204 2884 358 2956 viderunt,
371 2902 452 2942 nova
462 2888 556 2961 atque
569 2883 721 2943 inusitata
735 2883 837 2960 speeie
853 2883 1000 2943 eornmdti
1014 2884 1135 2962 legatos

133 2982 173 3040 ad
188 2981 351 3041 Caesarem
367 2980 405 3039 de
420 2987 495 3057 pace
511 2985 670 3054 miserunt,
684 2979 738 3056 qui
754 2980 793 3039 ad
808 2979 890 3041 hune
902 2981 1028 3040 modum
1038 2981 1135 3042 locuti

133 3083 224 3138 sunt:
247 3076 407 3136 Aduatuci
425 3084 488 3136 nbn
503 3076 685 3134 existimant
700 3077 858 3136 Romanos
874 3077 941 3136 sine
957 3096 1014 3154 ope
1030 3079 1136 3136 divina

133 3175 251 3234 bellum
266 3192 380 3250 gerere,
397 3172 452 3249 qui
466 3177 573 3231 tantae
589 3171 767 3231 altitudinis
782 3173 1135 3232 machinatibnes'tanta
1157 3187 1171 3233 5

133 3271 296 3332 celeritate
323 3275 504 3348 prdmovere
531 3267 671 3345 possint3
700 3268 807 3345 itaque
832 3288 864 3328 se
889 3287 1007 3346 suaque
1032 3269 1136 3328 omnia

133 3376 241 3429 ebrum
269 3366 421 3446 potestati
448 3365 645 3443 permittunt.
699 3352 807 3424 Unum
835 3371 966 3443 petunt:
996 3364 1024 3422 si
1052 3365 1135 3426 fbrte
