2718 3706
492 159 652 224 cmsnn’s
675 175 807 223 cunum
831 175 920 222 wnu

278 361 345 420 thl
368 360 498 421 Graccus
519 363 649 420 cooluess
669 363 733 419 oud
753 379 879 436 cecrope
901 377 971 418 sace
992 360 1040 417 liis
1061 361 1176 434 army?

266 473 322 538 25.
345 474 458 534 Caesar
478 474 518 533 ab
539 473 677 532 decimae
702 473 834 550 legionis
856 472 1072 532 cohortatione
1093 471 1133 530 ad
1155 473 1227 530 dex·

224 579 308 631 trum
322 590 417 630 cornu
432 571 593 648 profectus
609 589 681 630 suos
696 571 800 646 urgebi
822 577 854 629 et
875 569 1075 628 duodecimae
1090 568 1229 643 legionis

223 671 381 730 confertos
396 668 513 726 milites
530 667 591 726 sibi
605 667 690 745 ipsos
708 669 747 726 ad
766 675 901 745 pignam
916 684 984 724 esse
1000 665 1227 742 impedimento

223 769 311 828 vidit.
354 769 490 838 Quartae
515 765 653 832 cohortis
679 783 786 824 omues
812 763 1009 823 centuriones
1034 761 1127 821 occisi
1148 769 1228 821 sunt

187 874 263 943 set,
282 867 432 944 signifero
453 864 629 938 interfecto,
654 868 777 938 signum
802 867 851 920 est
877 866 1033 919 omissum.
1077 859 1230 936 Reliquo-

223 985 291 1024 rum
305 964 481 1024 cohortium
496 981 602 1022 omnes
624 961 690 1019 fere
712 959 909 1020 centuriones
925 963 980 1016 aut
995 955 1151 1016 vulnerati
1170 964 1228 1016 aut

223 1063 315 1122 occisi
337 1067 419 1136 sunt,
435 1062 469 1120 in
490 1061 538 1120 his
560 1059 737 1138 primipilus
759 1058 795 1116 P.
818 1056 944 1116 Sextius
959 1055 1103 1130 Baculus,
1119 1055 1229 1114 fortis-

224 1160 321 1219 simus
333 1159 389 1234 vir,
403 1159 511 1216 multis
523 1158 731 1234 gravibusque
743 1154 925 1214 vulneribus
941 1152 1102 1212 confectus
1114 1157 1149 1210 ut
1162 1151 1228 1211 iam

224 1276 256 1316 se
268 1257 422 1316 sustinore
435 1263 497 1316 non
513 1262 626 1332 posset.
666 1256 726 1314 His
738 1256 829 1314 robus
842 1255 979 1332 reliquos
992 1272 1059 1313 esse
1070 1251 1226 1312 tardiores

175 1381 202 1414 ιο
224 1354 303 1412 vidit
318 1353 431 1414 Caesar
445 1359 477 1412 et
491 1353 658 1412 nonnollos
675 1353 798 1412 doserto
813 1353 931 1430 proelio
946 1351 1094 1411 excodere
1109 1357 1145 1409 oc
1159 1349 1227 1409 tola

223 1455 339 1525 vitore;
365 1450 471 1508 hostes
494 1456 597 1509 autem
622 1468 723 1527 neque
748 1469 767 1510 a
792 1450 897 1510 fronte
922 1469 961 1508 ex
984 1447 1133 1508 inferiore
1155 1447 1226 1507 loco

224 1547 392 1606 subeuntes
415 1545 625 1606 intermittere
649 1551 681 1606 et
702 1547 741 1606 ab
763 1553 896 1624 utroque
919 1547 1018 1606 latere
1040 1551 1167 1619 instare,
1193 1550 1226 1604 et

224 1663 289 1702 rem
310 1663 378 1704 esse
399 1643 432 1702 in
453 1651 594 1721 angust0,
610 1663 711 1722 neque
734 1644 833 1704 olium
855 1663 923 1703 esse
946 1643 1120 1703 subsidium
1140 1643 1226 1720 quod

224 1741 368 1800 submitti
391 1747 503 1819 posset.
554 1743 635 1800 Tum
660 1749 734 1802 voro
760 1747 847 1801 scoto
873 1741 926 1801 oni
953 1741 1047 1801 militi
1073 1742 1223 1815 dotract0,

175 1859 201 1905 15
224 1839 307 1916 quod
329 1838 396 1916 ipse
416 1857 452 1898 eo
474 1839 541 1898 sine
564 1845 651 1900 scoto
669 1845 807 1914 vonerat,
828 1839 860 1898 in
884 1845 1014 1917 prImam
1035 1838 1132 1898 aciem
1156 1845 1226 1916 pro

223 1935 325 2010 cessit,
351 1936 649 2013 centurionibusque
673 1937 861 1997 nominotim
886 1937 1062 2015 appellotis,
1087 1935 1224 2012 reliquos

223 2033 402 2092 cohortatus
415 2033 530 2092 milites
543 2039 631 2109 signa
641 2034 757 2092 inferre
768 2039 800 2092 et
813 2034 988 2111 manipulos
999 2033 1108 2093 laxore
1121 2032 1222 2106 iossit,

223 2149 284 2207 quo
296 2129 421 2189 facilius
433 2130 546 2206 gladiis
558 2131 605 2189 oti
617 2136 753 2206 possent.
796 2131 890 2191 Cuius
902 2132 1040 2190 adventu
1054 2149 1109 2208 spe
1124 2129 1225 2189 inlota

222 2227 375 2286 militibus
392 2234 426 2286 oc
441 2227 656 2305 redintegroto
670 2227 774 2287 animo
789 2228 917 2306 paulum
932 2227 1072 2287 hostium
1087 2227 1224 2305 impetus

173 2356 202 2386 ω
224 2325 367 2384 tardotus
383 2329 439 2384 est.

287 2437 391 2484 urgeo,
402 2437 502 2484 premo,
516 2423 556 2474 24.
735 2425 836 2482 subeo,
851 2425 965 2474 saccodo.

288 2509 450 2566 confertus,
463 2508 567 2567 doricas,
581 2506 621 2556 23.
735 2509 920 2556 intermitto:
940 2509 1041 2566 dociae,
1054 2509 1158 2559 dosisto.

288 2590 421 2649 signifer,
434 2591 568 2652 aquilifer.
736 2595 832 2640 insto:
853 2605 943 2653 urgeo,
952 2604 1053 2652 premo,
1066 2590 1106 2640 24.

288 2673 406 2728 omitto,
421 2673 531 2731 dimitto,
545 2672 587 2718 21,
735 2674 871 2732 dotraho,
884 2675 968 2735 rapio.

288 2754 359 2810 fere,
369 2766 462 2812 paone,
479 2753 516 2800 19.
734 2759 815 2815 laxo,
830 2758 928 2818 operto.

289 2835 453 2893 confectura,
467 2835 592 2896 dofersus,
606 2834 646 2883 23.
735 2840 833 2888 infero
848 2838 907 2902 (2):
927 2840 971 2898 do,
984 2840 1083 2903 adsero

289 2918 412 2975 excorio,
427 2930 495 2965 caeo.
737 2923 916 2983 redintegro,
929 2937 1034 2983 relicuo,
1048 2921 1088 2972 23.

330 3053 361 3110 Α
376 3054 502 3130 slriflr'np
515 3073 604 3113 scene.
642 3057 713 3115 Poll
736 3058 882 3133 Romans,
900 3062 968 3134 pull
989 3063 1118 3120 Nervii!

264 3166 321 3233 26.
345 3167 548 3228 Caesareum
571 3169 735 3246 septimam
757 3171 921 3248 legionem,
945 3193 1023 3251 quae
1046 3174 1135 3233 ioxta
1156 3183 1225 3234 con-

223 3266 356 3337 stiterat,
373 3264 450 3322 item
471 3265 575 3338 urgori
596 3267 635 3324 ab
655 3266 746 3326 hoste
767 3270 906 3342 vidisset,
923 3271 1065 3330 tribunos
1083 3271 1223 3330 militum

223 3363 343 3419 monuit
371 3365 407 3417 ut
435 3358 587 3436 paulotim
617 3367 683 3419 sose
711 3363 850 3438 legiones
880 3365 1111 3438 coniungerent.
1157 3368 1225 3437 Quo
