2718 3706
181 163 221 225 20
498 164 657 227 emsas's
681 181 813 228 cenric
836 181 924 228 wne

229 345 342 405 Caesar
375 365 433 424 pro
460 365 518 407 sua
545 348 710 408 clementia
744 356 778 408 ae
813 351 1052 410 mansuetudine
1080 352 1237 412 statuerit

228 442 410 503 Aduatucos
435 462 502 504 esse
531 446 768 518 censervandcs
794 465 833 505 ne
860 466 912 506 eos
941 447 1035 506 armis
1063 448 1235 525 despoliet.

181 558 208 590 10
230 539 344 600 Omnes
357 542 423 602 fere
435 542 569 602 finitimi
579 548 653 600 sunt
663 541 784 602 inimici
794 551 829 602 ae
838 552 944 603 ecrum
954 543 1065 602 virtuti
1075 543 1236 620 invident,

228 637 374 714 aquibus
396 656 429 697 se
450 638 618 697 defendere
633 637 760 697 traditis
775 638 869 696 armis
884 623 948 698 nen
961 645 1117 716 poterunt.
1162 640 1234 700 Sibi

228 740 374 812 praestet,
391 735 418 794 si
433 735 466 793 in
480 754 551 794 eum
566 742 673 794 casum
688 736 887 810 deducantur,
904 736 1047 812 quamvis
1068 737 1231 796 fcrtsinam

228 851 247 890 a
268 832 382 910 populo
404 833 546 892 Remano
568 832 644 910 pati,
661 851 755 910 quam
776 833 815 892 ab
836 832 971 893 inimicis
986 852 1041 911 per
1056 833 1234 894 cruciatum

228 928 371 989 interfici.

326 1077 430 1121 novus,
444 1064 537 1112 mirus.
827 1067 905 1122 peto,
919 1063 974 1122 ὀνο,
991 1062 1028 1112 13.

326 1146 502 1194 inusitatus:
522 1146 758 1204 insolescentes.
826 1148 1036 1204 mansuetudo,
1048 1146 1151 1206 leuitas,
1165 1145 1208 1197 14.

327 1229 447 1286 species,
455 1229 550 1290 facies.
825 1232 935 1287 statuo,
950 1229 1093 1287 cunstitui),
1108 1227 1147 1277 10.

326 1311 444 1368 modus,
456 1312 536 1360 ratio.
825 1313 896 1371 fere,
908 1325 1001 1372 paene,
1012 1312 1052 1360 25.

327 1406 389 1450 ops,
404 1394 543 1442 auxilium.
826 1399 922 1453 efesus,
931 1395 1030 1456 scitum,
1044 1395 1085 1442 22.

326 1477 478 1535 permitto,
492 1476 566 1534 dedo,
580 1476 619 1526 15.
828 1479 953 1536 deduco,
967 1479 1066 1547 redipo,
1078 1477 1119 1528 28.

314 1684 394 1758 wiey
414 1691 493 1742 must
513 1686 638 1758 discret,
661 1686 712 1743 but
732 1703 785 1744 are
800 1688 957 1760 promised
972 1689 1146 1761 protectiou.

269 1823 326 1889 32.
349 1825 401 1883 Ad
421 1825 497 1885 haec
519 1826 632 1886 Caesar
650 1826 828 1903 respondit:
853 1827 982 1903 “Magis
1004 1827 1233 1888 consuetudine

228 1940 297 1981 mea
318 1941 412 2000 quam
432 1923 544 1982 merito
566 1927 671 1981 vestro
692 1923 855 1982 civitatem
876 1925 1074 1998 cunservabO,
1091 1923 1118 1982 si
1140 1924 1232 2002 prius

229 2038 321 2096 quam
343 2027 465 2079 murum
486 2019 566 2080 aries
589 2019 739 2096 attigerit,
763 2039 817 2080 ves
840 2020 1041 2098 dedideritis:
1068 2021 1124 2080 sed
1145 2022 1233 2082 dedi·

228 2115 324 2176 ticnis
345 2117 432 2176 nulla
445 2122 494 2176 est
509 2116 649 2176 condicio
664 2117 726 2176 nisi
741 2117 835 2176 armis
850 2117 985 2177 traditis
1029 2119 1068 2178 Id
1089 2119 1173 2195 quo'd
1195 2118 1230 2178 in

192 2235 206 2282 5
228 2213 355 2272 Nerviis
370 2213 432 2272 feci
447 2213 561 2272 faciam
576 2213 783 2291 finitimisque
800 2214 957 2291 imperabo
978 2235 1017 2274 ne
1040 2234 1132 2293 quam
1149 2215 1231 2276 iniu-

228 2309 306 2368 riam
328 2309 485 2370 dediticiis
507 2309 618 2388 populi
639 2310 776 2370 Remini
799 2312 967 2371 inferant.”
1009 2313 1057 2372 Re
1081 2312 1231 2374 nuntiata

228 2407 268 2466 ad
289 2426 370 2482 suos,
387 2427 465 2485 quae
488 2407 717 2485 impertirentur
737 2408 840 2468 facere
862 2409 1016 2468 dixerunt.
1059 2409 1228 2469 Armcrum

227 2508 317 2564 tanta
330 2505 500 2565 multitudo
521 2505 559 2564 de
580 2512 668 2564 muro
690 2504 724 2562 in
744 2504 863 2564 fossam
878 2524 956 2582 quae
972 2511 1039 2566 erat
1054 2511 1127 2566 ante
1142 2507 1229 2584 oppi-

227 2600 300 2659 dum
322 2602 405 2662 iacta
425 2607 482 2677 est,
500 2607 537 2661 ut
558 2621 654 2680 prope
674 2621 826 2661 summam
848 2602 929 2662 mirri
951 2603 1136 2680 aggerisque
1158 2603 1228 2662 alti-

180 2727 206 2760 10
228 2697 369 2756 tudinem
384 2699 485 2757 acervi
500 2706 607 2758 ecrum
621 2699 841 2776 adaequarent,
854 2705 886 2758 et
900 2705 1006 2760 tamen
1018 2699 1143 2760 circiter
1153 2719 1226 2778 pars

227 2793 331 2866 tertia,
346 2799 383 2852 ut
404 2801 512 2871 postea
532 2800 731 2872 perspectum
753 2802 810 2868 est,
826 2797 926 2856 celata
943 2803 1037 2874 atque
1056 2797 1089 2855 in
1111 2797 1226 2874 oppido

227 2893 350 2948 retenta
372 2895 429 2949 est.
471 2891 593 2950 Deinde
614 2892 714 2970 portis
735 2894 904 2971 patefactis
926 2913 961 2954 eo
983 2895 1033 2953 die
1055 2900 1131 2971 paee
1152 2899 1226 2954 sunt

227 2984 276 3045 risi
291 2986 448 3064 oppidani.

325 3121 520 3179 priusquam,
535 3125 595 3170 ente
607 3133 696 3182 qeecm.
821 3137 921 3183 prope,
931 3137 1024 3185 paene,
1037 3123 1078 3173 28.

325 3204 450 3262 deditio,
465 3203 582 3263 traditio,
597 3203 636 3252 12.
824 3208 952 3266 circiter,
967 3207 1010 3266 ad,
1025 3205 1064 3254 19.

324 3286 484 3344 finltimus,
498 3286 610 3344 vicinus,
623 3286 647 3334 2.
663 3351 665 3354 Ι
821 3289 978 3346 perspicio,
991 3289 1123 3349 intellepo.

323 3368 437 3419 infero:
452 3367 524 3431 sere,
532 3367 616 3431 secio.
823 3371 983 3430 patefacio,
999 3371 1096 3434 aperie.
