2718 3706
570 181 671 229 BOOK
693 180 733 226 11.

156 401 189 460 A
207 403 294 461 battle
308 403 436 477 follows,
457 402 504 460 tlte
523 401 624 478 Belgoe
643 417 696 460 are
714 400 850 476 defeated
869 400 932 460 and
950 401 1090 475 disperse.

163 530 219 596 10.
251 532 364 593 Caesar
383 550 506 591 omnem
526 531 703 609 equitotum
723 535 755 590 et
774 530 854 590 levis
872 535 1047 590 armotirrae
1061 530 1126 588 Nu-

122 631 233 704 midae,
255 630 433 689 funditores
456 628 700 706 sagittoriosque
725 634 851 706 pontem
872 627 1010 687 troducit
1030 632 1125 704 atque

122 728 164 787 ad
178 745 230 786 eos
245 727 416 787 contendit.
452 711 578 786 derisor
590 725 624 783 in
638 744 674 785 eo
688 725 756 785 loeo
768 731 940 802 prognatum
952 731 1009 784 est.
1046 725 1126 783 Hos-

122 831 172 884 tes
190 824 356 901 impeditos
376 823 477 882 nostri
495 823 527 881 in
547 823 674 882 flomine
694 822 833 898 adgressi
852 829 1001 897 mognum
1018 829 1125 881 eorum

122 939 288 980 numerum
310 921 496 980 oeciderunt.
547 921 668 979 Primos
691 919 745 996 qui
767 918 957 978 transierant
980 918 1161 995 eqnitotus

123 1018 353 1078 circumventos
371 1017 605 1077 interfecerunt.
654 1017 782 1090 Hostes,
798 1016 851 1074 ubi
867 1016 904 1075 de
919 1014 1125 1093 expugnando

123 1115 239 1193 oppido
259 1133 347 1192 spem
366 1133 399 1173 se
419 1114 571 1176 fefellisse
591 1114 816 1174 intellexerunt
835 1131 936 1190 neque
953 1118 1076 1172 nostros
1092 1112 1126 1170 in

123 1213 226 1271 locum
248 1211 434 1289 ianuiorem
455 1211 601 1290 progredi
623 1211 770 1270 viderunt
789 1215 884 1287 atque
901 1209 985 1288 ipsos
1001 1228 1049 1269 res
1064 1209 1126 1268 fru-

123 1310 279 1368 mentaria
296 1309 425 1368 dofieere
441 1310 552 1387 eoepit,
567 1308 732 1369 eonsilium
748 1313 1005 1370 eonvoeovorunt.
1049 1307 1125 1368 Con-

124 1406 296 1466 stituorunt
316 1407 470 1485 optimum
491 1425 558 1466 esse
575 1407 701 1466 domum
719 1425 806 1466 suam
826 1425 980 1484 quemque
1000 1404 1123 1464 reverti.
1150 1427 1176 1459 ιο

124 1503 364 1564 Constituorunt
381 1505 476 1563 etiam
493 1509 529 1563 ut
546 1512 679 1581 quorum
696 1503 729 1562 in
744 1504 826 1564 iines
841 1509 974 1582 primum
990 1501 1125 1562 Romoni

123 1601 296 1660 exereitum
324 1601 574 1660 introduxissent
602 1602 642 1660 ad
670 1619 722 1660 eos
748 1601 961 1660 defendendos
985 1599 1125 1677 undique

124 1701 334 1755 eonvenitent.
378 1697 466 1765 Quod
480 1716 516 1756 eo
531 1698 662 1756 oonsilio
677 1698 827 1772 focerunt,
839 1702 876 1756 ut
891 1697 996 1775 potius
1011 1697 1045 1755 in
1060 1696 1125 1757 suis

124 1810 217 1870 quam
233 1792 267 1850 in
281 1792 392 1851 alionis
407 1792 525 1851 finibus
541 1794 744 1853 decertorent.
787 1794 839 1853 Ad
853 1812 920 1853 eam
936 1793 1123 1853 sententiam
1190 1779 1192 1784 ⁵

123 1889 200 1948 haee
221 1888 301 1949 ratio
324 1907 375 1948 eos
397 1888 535 1962 deduxit,
559 1890 642 1966 qnod
666 1889 858 1949 Divitiacum
882 1895 976 1966 atque
997 1889 1124 1949 Aeduos
1150 1909 1175 1956 15

123 1986 241 2046 finibus
266 1985 505 2045 Bellovacorum
527 1985 777 2063 adpropinquore
802 1991 1020 2063 cognoverant.
1064 1987 1124 2046 His

123 2084 304 2161 persuodori
319 2089 355 2142 ut
369 2083 487 2143 diritius
503 2088 700 2143 morirentur
714 2091 777 2143 non
792 2089 923 2161 poterat.

172 2219 337 2275 armotora,
351 2229 436 2266 orma.
672 2217 835 2274 constituo,
848 2220 942 2266 statuo.

172 2301 290 2358 aeriter,
303 2299 472 2349 vehementer.
673 2302 816 2358 revertor,
830 2298 914 2348 redeo.

172 2383 343 2443 adgredior,
364 2381 480 2431 adorior.
671 2383 806 2430 docento:
821 2381 925 2442 poeno,
938 2380 1042 2429 comico.

172 2465 285 2523 occido,
300 2464 416 2512 concido.
673 2463 830 2522 sententia,
845 2463 994 2512 eonsilium.

171 2547 363 2606 progredior:
378 2545 499 2606 procedo,
507 2546 615 2607 prodeo.
673 2558 781 2605 moror,
796 2550 912 2605 cunctor,
926 2543 951 2593 7.

280 2749 360 2824 arey
381 2767 433 2808 are
449 2752 586 2824 pursded
606 2751 676 2808 settle
697 2750 791 2824 owfrd
811 2750 968 2827 slddglrter.

162 2877 212 2944 ll.
241 2880 289 2939 Ea
302 2897 335 2938 re
350 2878 530 2954 constituta,
546 2880 683 2940 secunda
695 2879 807 2956 vigilia
824 2887 937 2958 magno
956 2899 1027 2941 eum
1049 2887 1125 2942 stre-

121 2977 192 3054 pitu
212 2984 246 3037 oe
267 2976 407 3036 tumultu
424 2976 535 3035 eastris
555 2977 681 3053 egressi,
696 2977 783 3036 nollo
800 2983 884 3038 serto
899 2978 1008 3038 ordine
1023 2998 1124 3057 neque

121 3073 261 3150 imperi0,
278 3073 420 3134 focerunt
435 3077 470 3132 ut
490 3074 662 3134 consimilis
678 3075 772 3152 fugae
787 3075 940 3152 profectio
954 3075 1122 3135 videretur.

121 3171 192 3230 Hoe
213 3189 245 3231 re
267 3171 376 3230 statim
397 3171 511 3231 Caesar
532 3189 588 3248 per
609 3173 822 3250 speculotores
846 3173 971 3248 cognita
992 3172 1123 3232 insidias

121 3267 241 3327 veritus
253 3268 425 3328 exereitum
436 3267 673 3347 equitotumque
689 3269 801 3329 eastris
813 3270 977 3328 continuit.
1018 3270 1124 3328 Prima
1145 3287 1159 3334 5

120 3365 189 3424 loce
206 3383 328 3423 omnem
343 3365 518 3442 equitotum
535 3364 588 3442 qui
603 3367 808 3426 novissimum
824 3374 935 3444 ogmen
950 3371 1123 3425 mosorotur
