2718 3706
571 195 669 242 soon
691 195 731 242 11.
1132 177 1173 244 17

123 364 216 437 facte,
232 381 302 422 cum
320 361 401 422 alius
422 361 478 421 alii
500 360 676 420 subsidium
692 360 798 436 ferret,
815 360 963 421 audeeius
978 361 1124 421 resistere

123 469 158 520 ec
174 460 288 518 fortius
304 466 440 536 prignere
456 464 633 535 coeperunt.
678 457 812 516 Interim
830 458 946 517 milites
963 457 1159 534 legionums
1199 455 1204 466 ’

123 558 264 630 duerum,
280 574 359 632 quae
379 555 412 614 in
429 555 601 614 novissimo
617 553 740 630 agmine
755 554 911 631 praesidio
927 554 1125 632 impedimen-

122 653 166 713 tis
178 653 313 727 fuerant,
326 653 444 730 proelio
456 651 601 711 nirntieto
613 669 706 712 cursu
722 651 854 711 inciteto
865 651 899 709 in
910 670 1030 710 summo
1045 651 1123 711 colle

122 750 162 810 ab
180 749 323 809 hostibus
339 749 626 825 censpiciebantur3
649 753 681 807 et
699 748 734 806 Τ.
754 748 911 807 Labienus
927 749 1038 809 castris
1057 750 1125 808 hos·

123 848 204 908 tium
227 853 346 924 potitus
369 846 520 905 decimam
543 845 698 922 legieuem
725 845 864 905 subsidio
888 846 1005 906 nostris
1029 847 1122 906 misit.

123 945 184 1016 Qui
198 964 268 1004 cum
288 963 349 1022 quo
364 944 398 1002 in
412 943 480 1003 loco
495 962 544 1003 res
562 950 653 1018 esset,
670 950 849 1022 quantoque
863 943 897 1002 iu
911 944 1048 1022 periculo
1062 963 1124 1004 cas-
1149 970 1176 1003 ιο

123 1049 174 1102 tra
201 1047 233 1102 et
261 1042 399 1119 legiones
428 1048 460 1102 et
489 1042 659 1120 imperetur
684 1048 870 1118 verseretur,
895 1041 1123 1118 cegnevissent‚

125 1141 205 1199 nihil
221 1141 259 1199 ad
274 1140 468 1199 celeritetem
483 1141 543 1200 sibi
559 1140 672 1217 reliqui
687 1141 838 1199 fecerunt.

165 1258 260 1315 lextra,
270 1269 362 1316 prope.
408 1258 566 1315 nemetim,
580 1256 721 1318 yradetim.
774 1257 882 1314 potior,
895 1269 1000 1318 occupo,
1015 1254 1038 1305 7.

166 1341 306 1398 consisto,
320 1337 343 1387 6.
408 1340 539 1398 interim,
555 1340 664 1398 interca,
679 1337 718 1387 12.
775 1352 885 1397 versor,
900 1352 967 1397 sunt,
983 1339 1004 1385 l.

167 1435 268 1482 urgeo,
282 1421 323 1469 25.
408 1423 568 1480 censuim,
582 1421 665 1472 uideo.
776 1425 931 1482 cegnesca
945 1423 1055 1483 reperio,
1068 1418 1092 1470 4.

214 1571 253 1628 In
272 1571 318 1628 tlte
331 1572 422 1645 fierce
441 1571 554 1628 curestle
573 1570 619 1628 llic
639 1571 729 1628 brace
749 1569 859 1628 Nervii
876 1587 913 1645 9⁰
932 1571 1035 1627 under.

168 1683 221 1748 27.
245 1685 367 1743 Horum
382 1684 520 1742 adventu
534 1688 624 1742 tanta
638 1689 741 1743 rerum
757 1682 959 1741 conrmritetio
976 1687 1024 1741 est
1042 1682 1127 1741 facta

127 1788 162 1840 ut
185 1770 293 1856 nostri,
316 1781 411 1840 etiam
434 1780 489 1858 qui
511 1780 693 1838 vulneribus
717 1779 852 1838 confecti
877 1779 1124 1855 procubuissent,

128 1879 279 1956 proelium
301 1879 569 1954 redintegrerent5
592 1876 714 1953 equites
736 1882 818 1950 vero,
839 1881 875 1934 ut
897 1875 1126 1952 turpitudinem

127 1976 220 2052 fugae
235 1975 351 2035 virtrite
366 1975 513 2048 delerent,
530 1974 673 2033 omnibus
691 1973 724 2031 in
735 1973 816 2032 locis
837 1981 958 2050 prignae
979 1990 1011 2031 se
1031 1971 1125 2048 legie-

128 2073 224 2132 neriis
239 2073 391 2132 militibus
406 2072 609 2150 praeferrent.
646 2071 692 2130 At
706 2071 814 2130 hostes
830 2070 925 2129 etiam
940 2069 974 2128 in
988 2074 1127 2128 extrema
1149 2082 1162 2128 5

128 2191 183 2250 spe
205 2171 315 2231 sallitis
337 2170 505 2230 minimam
527 2169 677 2229 virtutem
699 2168 942 2246 praestiterunt3
964 2185 1035 2225 nam
1057 2184 1126 2224 cum

128 2269 221 2348 primi
244 2277 349 2329 eorum
378 2267 572 2342 cecidissent,
598 2266 733 2345 proximi
762 2265 937 2325 iacentibus
962 2263 1127 2324 comitibus

127 2367 316 2427 insistebant
337 2372 430 2444 atque
456 2385 495 2425 ex
520 2373 627 2425 eerum
652 2365 833 2442 corporibus
856 2363 1053 2442 prignebant3
1079 2360 1127 2418 his

129 2467 257 2526 deiectis
279 2472 311 2525 et
332 2465 522 2525 coacervetis
545 2465 756 2537 cadaveribus
777 2462 873 2522 ceteri
895 2467 931 2520 ut
950 2480 988 2520 ex
1007 2458 1129 2517 tinnulo

128 2564 193 2624 tela
206 2564 240 2622 in
253 2570 377 2624 nostros
393 2564 587 2624 coniciebant
602 2569 634 2620 et
649 2562 712 2639 pila
727 2562 901 2638 intercepta
912 2558 1126 2617 remittebant:
1153 2576 1181 2607 10

128 2669 165 2720 ut
179 2661 309 2721 iiidiceri
326 2662 451 2721 deberet
467 2669 529 2720 non
548 2665 735 2736 nequiquam
755 2663 862 2717 tantae
884 2655 1012 2716 virtritis
1034 2653 1130 2713 horni-

128 2778 184 2818 nes
200 2778 291 2818 ausos
304 2778 370 2818 esse
382 2765 516 2818 trensire
526 2757 717 2818 lectissimum
729 2754 853 2829 flemen,
866 2754 1031 2814 ascendere
1047 2751 1131 2810 altis-

129 2857 224 2916 simas
244 2862 335 2934 ripas,
355 2857 456 2916 subire
479 2853 711 2932 iniquissimum
730 2852 850 2927 locum;
872 2869 951 2928 quae
966 2848 1073 2909 facilia
1091 2867 1131 2907 ex

130 2953 323 3012 difficillimis
339 2953 435 3013 animi
451 2951 633 3029 megnitrido
649 2950 818 3025 redegerat.

169 3077 343 3132 procumbo,
353 3073 470 3134 precide.
705 3071 796 3127 laceo,
807 3070 959 3130 pronuntio.

170 3159 344 3214 turoltfido:
364 3155 524 3218 iqneminia,
536 3153 660 3216 infensio.
703 3167 863 3201 coacervo:
884 3165 1004 3214 concere,
1017 3151 1089 3212 eeqo.

171 3241 266 3297 deleo,
281 3240 427 3300 cestioque.
495 3273 500 3280 .
707 3237 844 3293 cadeven
859 3248 958 3295 corbus.

170 3325 334 3380 extremus,
349 3322 465 3370 ultimus.
706 3318 898 3376 nequiquam,
908 3315 1022 3377 frestru.

170 3409 305 3462 praesto:
320 3403 445 3465 praebeo
460 3406 568 3450 ostento.
706 3399 911 3461 rcdlgo‚sucio.
