2718 3706
533 145 563 192 0.
585 145 664 191 IULl
686 142 865 191 CAESARIS

221 313 341 376 Castris
363 311 495 372 munitis
516 311 623 370 vineas
645 329 735 386 agere
757 329 899 388 quaeque
920 311 960 370 ad
981 314 1235 390 oppugnandum

221 411 292 471 usui
317 415 407 470 erant
431 426 610 486 comparare
635 407 747 484 coepit.
802 407 933 466 interim
957 408 1058 467 omnis
1084 429 1123 467 ex
1148 411 1236 487 fuga

223 507 426 568 Suessionum
451 504 622 564 multitudo
647 504 680 562 in
701 505 850 582 oppidum
872 505 1015 582 proxima
1037 512 1127 566 nocte
1153 526 1235 566 con-

222 605 321 666 venit.
368 603 519 666 Celeriter
539 601 640 661 vineis
664 602 704 660 ad
726 602 876 679 oppidum
898 603 986 677 actis,
1009 622 1120 680 aggere
1142 603 1235 664 iacto

187 732 198 780 ς
223 702 423 779 turribusque
439 699 630 774 constitutiS,
646 699 861 776 magnitudine
876 693 1013 777 operum,
1030 719 1109 778 quae
1124 720 1234 779 neque

222 799 367 859 viderant
382 802 454 858 ante
473 796 558 858 Galli
575 815 676 874 neque
694 796 867 872 audierant,
883 805 916 856 et
935 798 1094 857 celeritate
1114 799 1235 858 Roma-

222 917 333 956 norum
347 895 490 974 permoti,
502 895 621 971 legatos
637 895 676 954 ad
688 896 849 955 Caesarem
866 896 904 954 de
919 894 1077 954 deditione
1092 895 1233 955 mittunt

223 1000 255 1055 et
269 995 449 1072 petentibus
465 993 573 1052 Remis
588 997 624 1050 nt
639 997 898 1052 conservarentur
912 992 1094 1069 impetrant.

264 1091 317 1158 13.
347 1093 461 1152 Caesar
482 1089 644 1150 obsidibus
669 1089 806 1166 acceptis
830 1090 941 1167 primis
966 1090 1105 1148 civitatis
1130 1095 1232 1168 atque

175 1218 201 1250 ιο
224 1189 324 1267 ipsius
350 1190 468 1251 Galbae
490 1189 571 1266 regis
593 1189 713 1247 duobus
736 1187 820 1261 filiis,
840 1187 998 1264 armisque
1019 1187 1162 1246 omnibus
1190 1207 1232 1246 ex

223 1287 337 1364 oppido
354 1287 490 1359 traditis,
506 1287 540 1346 in
557 1285 749 1346 deditionem
770 1285 950 1344 Suessiones
970 1285 1090 1362 accepit
1109 1285 1231 1345 exerci-

223 1389 354 1462 tumque
373 1384 407 1442 in
423 1384 606 1443 Bellovacos
623 1383 719 1442 ducit.
762 1382 912 1452 Quicum
932 1401 965 1442 se
985 1401 1102 1459 suaque
1122 1385 1231 1442 omnia

224 1480 258 1540 in
282 1481 433 1560 oppidum
461 1483 722 1560 Bratuspantium
750 1481 967 1557 contulissent,
996 1487 1090 1558 atque
1122 1482 1161 1540 ab
1191 1500 1230 1540 eo

140 1623 146 1636 .
224 1579 340 1656 oppido
355 1580 468 1640 Caesar
483 1600 553 1640 curn
568 1581 708 1640 exercitu
725 1581 851 1640 circiter
865 1581 953 1640 milia
971 1599 1119 1658 passuum
1140 1579 1230 1656 quin-

177 1701 200 1750 ις
223 1695 284 1753 que
299 1677 429 1752 abesset,
443 1697 549 1738 omnes
566 1678 697 1737 maiores
712 1684 790 1737 natu
804 1697 842 1737 ex
857 1678 972 1756 oppido
984 1677 1101 1754 egressi
1115 1697 1229 1738 manus

224 1774 264 1832 ad
286 1774 449 1835 Caesarem
471 1777 599 1835 tendere
622 1780 653 1834 et
673 1794 748 1834 voce
770 1775 946 1851 significare
968 1781 1137 1853 coeperunt
1159 1794 1230 1835 sese

225 1869 258 1929 in
275 1871 342 1930 eins
357 1871 450 1932 fidem
465 1892 500 1932 ac
514 1877 704 1950 potestatem
715 1871 822 1932 venire
837 1891 937 1949 neque
952 1879 1061 1932 contra
1075 1873 1229 1949 populum

224 1968 401 2029 Romanurn
412 1971 506 2030 armis
518 1970 711 2029 contendere.
735 1970 825 2043 Item,
836 1988 906 2028 cum
918 1971 957 2028 ad
968 1969 1118 2046 oppidum
1130 1987 1231 2029 acces·

225 2065 319 2126 sisset
338 2073 500 2144 castraque
520 2067 565 2126 ibi
585 2072 723 2144 poneret,
742 2066 832 2143 pueri
852 2066 1060 2144 mulieresque
1080 2085 1119 2124 ex
1138 2085 1230 2126 muro

174 2190 202 2222 ιο
224 2163 325 2240 passis
340 2164 483 2224 manibus
499 2183 554 2223 sno
570 2183 653 2222 more
669 2181 774 2240 pacem
790 2163 829 2222 ab
843 2163 993 2222 Romanis
1009 2163 1177 2241 petierunt.

265 2259 319 2324 14.
348 2261 411 2319 Pro
431 2261 480 2319 his
501 2260 810 2319 Divitiacus—nam
831 2265 903 2337 post
925 2260 1097 2320 discessum
1118 2261 1231 2337 Belga

225 2377 294 2416 rum
307 2357 445 2418 dimissis
462 2358 640 2417 Aeduorum
656 2357 753 2434 copiis
769 2357 809 2416 ad
825 2375 896 2416 eum
917 2363 1089 2417 reverterat
1099 2357 1230 2418 -facit

224 2455 336 2515 verba:
362 2455 545 2515 Bellovacos
567 2453 652 2513 omni
674 2459 814 2531 tempore
836 2454 869 2512 in
890 2454 951 2514 fide
972 2460 1067 2532 atque
1088 2453 1229 2516 amicitia

225 2552 364 2613 civitatis
380 2553 508 2612 Aeduae
525 2552 638 2611 fnisse:
661 2551 814 2629 impulsos
832 2571 851 2610 a
868 2551 933 2611 suis
952 2551 1154 2630 principibus,
1171 2553 1228 2629 qui

175 2676 201 2723 25
225 2650 365 2708 dicerent
376 2650 502 2709 Aeduos
517 2649 556 2708 ab
571 2649 700 2710 Caesare
715 2648 749 2706 in
764 2649 947 2708 servitutem
962 2650 1103 2708 redactos
1119 2667 1227 2708 omnes

225 2745 432 2821 indignitates
452 2745 719 2822 contumeliasque
739 2746 887 2822 perferre,
904 2751 935 2805 et
955 2746 994 2805 ab
1007 2745 1126 2804 Aeduis
1145 2745 1229 2804 defe-

225 2842 304 2900 cisse
336 2847 368 2900 et
399 2842 515 2918 populo
542 2843 683 2902 Romano
713 2843 830 2902 bellum
858 2842 1013 2902 intulisse.
1070 2841 1130 2912 Qui
1157 2843 1225 2902 eius

226 2937 337 2998 consili
366 2937 523 3015 principes
552 2937 698 3013 fuissent,
723 2939 807 3016 quod
830 2939 1051 3016 intellegerent
1076 2943 1225 3016 quantam

225 3035 438 3095 calamitatem
466 3033 590 3093 civitati
618 3034 810 3111 intulissent,
835 3035 869 3094 in
897 3036 1094 3096 Britanniam
1122 3035 1225 3113 profu-

175 3162 203 3208 ³0
226 3133 316 3210 gissa.
359 3132 472 3191 Petere
493 3149 556 3190 non
577 3131 678 3190 solum
699 3132 881 3192 Bellovacos
904 3134 960 3193 sed
981 3133 1076 3192 etiam
1099 3152 1154 3211 pro
1175 3132 1223 3193 his

224 3231 351 3290 Aeduos
372 3233 409 3289 ut
432 3247 489 3289 sua
513 3228 680 3288 clementia
703 3247 739 3287 ac
763 3229 1003 3288 mansuetudine
1027 3231 1062 3288 in
1084 3247 1136 3289 eos
1160 3234 1224 3289 nta-

224 3333 285 3392 tur.
315 3327 404 3404 Quod
418 3325 446 3386 si
461 3323 581 3402 fecerit,
591 3323 772 3382 Aeduorum
786 3324 1005 3389 auctoritatem
1021 3326 1105 3410 apud
1119 3345 1222 3390 omnes
