2718 3706
546 169 577 216 0.
600 169 679 218 IULI
700 167 879 216 CAESARIS

231 335 366 413 captivis
388 335 548 412 cognitum
569 341 626 410 est,
642 353 750 395 eorum
764 334 885 395 dierum
900 333 1125 394 consuetudine
1140 333 1234 392 itino

231 433 275 492 ris
291 433 390 492 nostri
405 433 561 493 exercitus
576 438 855 510 perspectanoote
875 433 915 509 ad
933 431 1069 491 Nervios
1085 449 1234 508 pervere

231 535 306 588 runt
333 535 427 606 atquo
454 529 504 588 his
533 529 789 589 demonstrarunt
814 529 897 588 inter
921 529 1062 605 singulas
1091 527 1233 604 legiones

231 625 524 703 impedimentorum
546 645 692 704 magnum
714 645 878 686 numerum
902 626 1105 698 intercedere,
1128 643 1233 701 neque

195 746 206 794 5
230 741 298 782 esse
319 723 486 800 quicquam
508 725 623 800 negoti,
639 742 710 783 cum
731 723 834 800 prima
849 723 931 800 legio
952 722 986 780 in
1006 728 1110 781 castra
1130 721 1233 780 venis·

231 826 287 895 set,
300 819 500 897 reliquaeque
515 820 654 897 legiones
670 839 817 896 magnum
832 819 969 898 spatium
983 819 1136 891 abessent,
1148 818 1231 877 hanc

231 918 289 977 sub
304 917 433 977 sarcinis
449 917 581 992 adoriri;
604 936 667 995 qua
680 917 773 994 pulsa
786 915 1080 994 impedimentisque
1095 915 1230 991 direptis

230 1015 373 1074 futurum
400 1020 437 1073 ut
465 1014 606 1092 reliquae
634 1020 744 1074 contra
773 1013 944 1073 consistere
974 1030 1037 1070 non
1067 1005 1228 1070 auderent.

230 1111 410 1172 Adiuvabat
432 1111 528 1171 etiam
550 1130 656 1171 eorum
679 1110 843 1171 eonsilium
865 1109 920 1187 qui
944 1127 1010 1167 rem
1035 1107 1228 1181 deferebant,

182 1229 208 1260 10
230 1210 314 1286 quod
346 1209 459 1268 Nervii
492 1208 677 1285 antiquitus,
706 1227 776 1268 cum
810 1206 953 1284 equitatu
986 1204 1069 1263 nihil
1099 1209 1232 1282 possent

232 1306 444 1387 (nequeenim
464 1305 575 1366 adhoc
592 1312 716 1382 tempus
737 1305 766 1364 ei
787 1303 832 1363 rei
855 1304 993 1380 student,
1009 1303 1064 1363 sed
1078 1303 1232 1380 quiequid

230 1407 370 1481 possunt,
397 1402 594 1479 pedestribus
620 1403 727 1461 valent
751 1401 863 1480 copiis)
891 1421 953 1480 quo
980 1401 1106 1461 facilius
1134 1401 1232 1461 finiti-

230 1518 349 1558 morum
372 1499 555 1575 equitatum,
576 1499 603 1558 si
624 1498 796 1576 praedandi
815 1517 909 1559 causa
926 1499 966 1558 ad
985 1517 1037 1558 eos
1056 1498 1229 1574 venissent,

230 1595 427 1673 impedirent,
449 1595 567 1654 teneris
589 1595 750 1655 arboribus
772 1595 879 1656 incisis
901 1601 996 1672 atquo
1017 1594 1151 1670 infleris
1167 1614 1233 1656 ore-

182 1716 206 1763 ¹5
229 1692 356 1769 brisque
374 1693 406 1750 in
425 1692 626 1752 latitudinem
641 1691 736 1751 ramis
751 1692 861 1767 enatis,
877 1697 910 1751 et
924 1692 1010 1752 rubis
1025 1675 1230 1770 sentibusque

230 1789 412 1863 interiectis,
435 1789 602 1849 effecerant
626 1793 663 1847 ut
687 1787 787 1848 instar
807 1788 889 1848 muri
913 1789 973 1849 hae
997 1808 1105 1867 saepes
1130 1791 1231 1849 muni-

229 1892 335 1946 menta
358 1887 551 1964 praeberent,
577 1905 639 1964 quo
666 1904 729 1944 non
757 1886 848 1945 modo
876 1905 940 1946 nou
967 1886 1079 1946 intrari
1106 1887 1162 1946 sed
1189 1906 1230 1948 ne

228 1983 363 2061 perspici
389 1983 516 2060 quidem
540 1987 655 2060 posset.
709 1982 770 2041 His
796 1983 887 2042 rebus
912 2001 983 2042 cum
1008 1983 1069 2042 iter
1093 1984 1230 2059 agminis

229 2080 329 2140 nostri
343 2080 556 2158 impediretur,
569 2098 632 2138 uon
646 2079 855 2138 omittendum
866 2079 927 2139 sibi
939 2080 1104 2140 consilium
1116 2081 1230 2140 Nervii

179 2208 207 2239 20
229 2176 498 2236 existimaverunt.

269 2272 323 2339 18.
352 2273 428 2334 Loci
448 2279 562 2333 natura
583 2278 649 2332 erat
669 2273 754 2348 haec,
771 2292 863 2350 quem
881 2273 983 2334 locum
1001 2273 1102 2333 nostri
1116 2274 1230 2334 castris

229 2371 416 2448 delegerant.
459 2370 556 2431 Collis
578 2370 617 2429 ab
639 2388 759 2429 summo
774 2371 947 2447 aequaliter
961 2371 1090 2430 declivis
1113 2371 1153 2429 ad
1173 2370 1231 2430 flu-

228 2487 298 2527 men
317 2468 430 2542 Sabim,
447 2469 531 2544 quod
551 2485 647 2545 supra
668 2466 905 2540 nominavimus,
921 2467 1076 2543 vergebat.
1119 2467 1170 2526 Ab
1191 2486 1230 2527 eo

227 2564 355 2625 flumine
376 2564 446 2642 pari
466 2564 648 2624 adclivitate
670 2563 759 2623 collis
781 2563 968 2622 nascebatur
984 2564 1133 2623 adversus
1154 2564 1231 2625 huic

178 2687 204 2736 ²5
229 2666 260 2720 et
280 2660 462 2736 contrarius,
485 2679 595 2738 passus
617 2659 743 2720 circiter
763 2659 914 2720 ducentos
938 2659 1064 2719 infimus
1089 2667 1229 2738 apertus,

228 2758 267 2817 ab
282 2758 440 2834 superiore
454 2763 544 2834 parte
559 2757 715 2818 silvestris
737 2761 774 2816 ut
794 2775 857 2816 non
879 2757 972 2817 facile
992 2757 1147 2817 introrsus
1162 2777 1232 2835 per-

229 2853 307 2930 spici
334 2858 448 2931 posset.
491 2854 582 2913 Intra
609 2873 661 2914 eas
690 2854 787 2913 silvas
815 2854 921 2914 hostes
950 2855 982 2913 iu
1010 2855 1132 2914 occulto
1160 2874 1230 2915 sese

228 2949 446 3024 continebant3
475 2949 509 3007 in
537 2956 644 3027 aperto
672 2951 740 3010 loco
768 2952 938 3010 seeundum
966 2952 1083 3012 flumen
1111 2970 1230 3029 paucae

228 3046 379 3106 stationes
407 3045 550 3123 equitum
574 3047 769 3107 videbantur.
812 3047 968 3109 Fluminis
996 3055 1063 3108 erat
1091 3049 1230 3108 altitudo

177 3167 205 3214 30
227 3143 342 3222 pedum
356 3142 481 3202 circiter
495 3143 601 3202 trium.

268 3240 322 3306 19.
350 3240 463 3301 Caesar
474 3240 618 3316 equitatu
632 3241 803 3318 praemisso
818 3243 1067 3320 subsequebatur
1081 3242 1228 3303 omnibus

228 3337 343 3416 copiis,
372 3336 428 3396 sed
452 3335 532 3395 ratio
554 3336 690 3414 ordoque
712 3338 846 3416 agminis
868 3340 960 3400 aliter
982 3359 1014 3399 se
1035 3339 1171 3399 habebat
1193 3358 1229 3399 ac
