2718 3706
176 149 219 210 34
531 155 563 203 c.
586 155 665 203 11111
687 154 864 204 cassurus

226 323 296 384 fieri
309 326 468 402 oporteret
482 340 545 381 101
559 321 663 381 minus
678 323 837 382 commode
856 322 918 401 ipsi
937 323 999 384 sibi
1017 322 1231 402 praescribere

227 440 321 498 quam
340 420 378 480 ab
398 419 469 478 aliis
489 418 592 479 doceri
613 423 776 496 poterant;
798 425 830 478 et
849 421 933 498 quod
953 421 992 480 ab
1011 439 1102 498 opere
1124 421 1231 498 singu·
1346 441 1347 452 *

226 518 328 595 lisque
349 515 524 592 legionibus
546 515 687 592 singulos
708 515 827 592 legatos
850 517 963 577 Caesar
984 517 1143 578 discedere
1164 521 1231 579 nisi
1346 543 1347 546 ¹

227 613 357 673 munitis
373 613 483 672 castris
498 617 650 671 vetuerat.
694 612 740 670 Hi
760 619 888 690 propter
906 615 1176 692 propinquitatem
1196 623 1231 677 et

192 740 203 789 5
226 710 420 771 celeritatem
434 709 572 799 hostium
588 709 669 768 nihil
683 709 746 802 iam
762 710 903 770 Caesaris
921 711 1088 789 imperium
1105 733 1228 793 exspec·

227 808 345 882 tabant,
361 807 416 866 sed
430 825 486 884 per
501 824 534 865 se
549 825 627 883 quae
642 806 830 866 videbantur
844 808 1114 871 administrabant.

269 904 321 970 21.
351 905 465 964 Caesar
480 903 664 962 necessariis
680 904 771 963 rebus
786 904 948 982 imperatis
966 908 1006 967 ad
1020 909 1230 971 cohortandos
1346 953 1347 974 1

227 1005 344 1064 milites
370 1022 463 1080 quam
488 1001 523 1060 11
546 1007 668 1080 partem
692 1004 758 1063 fors
784 1004 899 1064 obtulit
922 1006 1099 1066 decucurrit
1127 1013 1159 1067 et
1188 1009 1232 1068 ad
1346 997 1347 1008 ¹

227 1105 382 1182 legionem
411 1102 563 1162 decimam
589 1103 724 1163 devenit.
768 1103 888 1162 Milites
913 1122 976 1162 non
1000 1104 1140 1180 longiore
1163 1124 1232 1165 011

180 1228 207 1258 10
228 1203 313 1261 tione
328 1201 509 1262 cohortatus
526 1219 620 1277 quam
640 1201 689 1260 uti
711 1220 784 1261 suae
805 1200 956 1278 pristinae
971 1201 1101 1261 virtutis
1115 1221 1233 1262 memo-

228 1299 307 1358 riam
332 1298 503 1358 retinerent
528 1316 589 1357 neu
614 1299 872 1376 perturbarentur
895 1298 999 1358 animo
1026 1298 1231 1376 hostiumque

229 1399 381 1477 impetum
404 1397 530 1456 fortiter
553 1396 755 1471 sustinerent,
778 1396 861 1474 quod
885 1415 947 1454 non
971 1395 1096 1478 longius
1120 1396 1231 1456 hostes
1346 1431 1347 1436 κ

229 1497 358 1555 aberant
372 1513 466 1572 quam
481 1513 542 1572 quo
556 1493 656 1553 telum
670 1493 751 1553 adici
766 1497 879 1572 posset,
895 1493 996 1570 proeli
1010 1493 1233 1552 committendi
1346 1563 1347 1568 η

229 1593 353 1669 signum
368 1593 464 1652 dedit.
503 1592 608 1669 Atque
622 1591 656 1650 in
671 1591 802 1650 alteram
816 1596 938 1668 partem
953 1589 1030 1649 item
1045 1589 1233 1650 cohortandi

182 1716 206 1764 ¹5
229 1709 323 1750 causa
343 1690 502 1768 profectus
528 1689 740 1768 pugnantibus
765 1687 908 1747 occurrit.
951 1687 1114 1765 Temporis
1138 1692 1235 1748 tanta

230 1789 293 1850 fuit
314 1789 470 1866 exiguitas
491 1787 692 1863 hostiumque
713 1791 779 1845 tam
800 1790 928 1862 paratus
953 1785 994 1844 ad
1018 1784 1234 1844 dimicandum

230 1889 360 1962 animus,
385 1892 422 1946 11
449 1904 513 1944 101
536 1884 627 1943 modo
653 1884 693 1942 ad
717 1882 855 1959 insignia
878 1882 1149 1956 adcommodanda‚
1175 1883 1234 1942 sed
1346 1953 1347 1956 Ἴ

230 1986 326 2046 etiam
350 1985 390 2045 ad
416 1983 519 2060 galeas
544 1981 719 2040 induendas
746 1979 906 2056 scutisque
930 1979 1104 2055 tegimenta
1128 1979 1234 2038 (11111-
1346 2001 1347 2068 ss

231 2083 332 2142 denda
345 2088 469 2158 tempus
484 2077 630 2137 defuerit.
674 2078 772 2148 Quam
788 2077 921 2154 quisquc
938 2077 978 2135 ab
995 2095 1087 2154 opere
1109 2075 1144 2134 in
1164 2095 1235 2154 par·
1346 2081 1347 2086 ’

180 2209 209 2240 20
230 2185 295 2240 tem
322 2198 396 2239 casu
423 2175 551 2236 devenit
576 2193 716 2252 quaeque
744 2173 847 2252 prima
874 2173 965 2250 signa
992 2173 1165 2251 conspexit,
1191 2174 1235 2233 ad

230 2277 307 2337 haec
329 2273 480 2349 constitit,
504 2291 543 2332 11
566 2272 600 2331 11
622 2271 808 2350 quaerendis
831 2269 896 2330 suis
919 2269 1081 2348 pugnandi
1105 2275 1233 2348 tempus

231 2373 412 2434 dimitteret.

272 2471 328 2538 22.
357 2472 518 2538 Instructo
533 2467 673 2528 exercitu
688 2466 795 2543 magis
808 2471 845 2525 ut
864 2465 926 2526 loci
947 2470 1062 2525 natura
1082 2465 1237 2525 deiectus-

231 2589 291 2647 que
316 2569 405 2628 collis
427 2573 459 2626 et
480 2565 651 2627 necessitas
672 2563 823 2641 temporis
845 2581 939 2640 quam
959 2568 996 2620 ut
1017 2562 1063 2621 rei
1083 2563 1235 2622 militaris

182 2689 208 2736 ²5
231 2666 311 2725 ratio
326 2671 420 2742 atque
434 2665 509 2723 ordo
524 2662 713 2741 postulabat,
726 2680 796 2720 cum
811 2659 945 2719 diversis
960 2659 1137 2736 legionibus
1152 2659 1236 2718 aliae
1346 2673 1347 2738 1

232 2761 295 2821 1111
318 2761 351 2818 11
375 2766 464 2838 parte
488 2761 631 2818 hostibus
657 2757 850 2831 resisterent,
877 2756 1084 2834 saepibusque
1113 2755 1236 2814 densis·
1346 2785 1347 2816 l

233 2856 330 2931 simis,
358 2861 394 2914 11
423 2860 495 2914 1111
523 2853 815 2927 demonstravimus,
845 2852 1020 2912 interiectis
1049 2857 1238 2930 prospectus

232 2953 446 3030 impediretur,
462 2969 564 3027 neque
584 2957 671 3010 certa
691 2949 832 3010 subsidia
852 2949 1014 3024 conlocari,
1033 2967 1135 3026 neque
1156 2950 1239 3026 quid

233 3050 267 3108 in
291 3066 414 3126 quaque
441 3051 532 3122 parte
559 3065 636 3121 opus
665 3052 748 3106 esset
777 3046 944 3123 provideri,
973 3065 1076 3122 neque
1105 3045 1144 3105 ab
1171 3067 1238 3106 uno

185 3169 212 3213 30
234 3143 340 3204 omnia
360 3139 492 3216 imperia
512 3139 724 3200 administrari
748 3147 904 3219 poterant.
952 3143 1065 3219 Itaque
1090 3143 1240 3203 intanta

235 3259 338 3300 rerum
362 3233 541 3310 iniquitate,
556 3233 701 3295 fortunae
726 3257 848 3315 quoque
873 3244 1005 3298 eventus
1028 3239 1109 3298 varii
1130 3258 1240 3318 seque·

235 3335 357 3394 bantur.
