2718 3706
554 178 584 225 G.
607 179 687 228 IULI
709 181 886 232 CAESARIS

244 337 337 415 bant3
360 342 460 402 nostri
479 349 593 422 autem,
608 347 637 407 si
653 348 693 408 ab
711 349 777 410 illis
797 351 924 412 initium
943 356 1128 415 transeundi
1148 355 1252 436 fieret,

243 440 279 494 ut
298 435 467 514 impeditos
487 442 738 522 adgrederentur,
755 449 856 526 parati
872 450 1014 511 inarmis
1030 459 1128 513 erant.
1166 457 1254 519 Inte·

243 531 302 590 rim
318 535 435 610 proelio
451 540 590 615 equestri
604 541 688 601 inter
702 544 778 604 duas
794 546 875 606 acies
891 551 1147 614 contendebatur.
1182 557 1252 618 Ubi

242 630 348 688 neutri
372 635 557 694 transeundi
582 637 710 698 initium
734 641 865 718 faciunt,
894 647 1077 708 secundiore
1103 653 1250 730 equitum

205 751 217 800 5
242 726 361 803 proelio
382 731 498 791 nostris
524 733 638 795 Caesar
659 754 731 796 suos
756 739 789 796 in
813 746 917 801 castra
941 747 1075 808 reduxit.
1127 752 1250 815 Hostes

241 823 385 900 protinus
410 845 449 886 ex
474 847 510 888 eo
534 829 602 890 loco
627 833 667 892 ad
691 833 808 894 flumen
833 838 977 901 Axonam
1006 849 1249 928 contenderunt,

242 922 325 998 quod
352 941 420 984 esse
448 931 519 1003 post
548 934 657 989 nostra
681 938 784 993 castra
812 935 1060 1002 demonstratum
1088 951 1143 1005 est.
1195 950 1250 1009 Ibi

241 1018 329 1078 vadis
345 1022 478 1098 repertis
493 1029 614 1101 partem
632 1045 759 1088 suarum
780 1034 939 1111 copiarum
959 1041 1121 1102 traducere
1140 1049 1249 1107 conati

240 1121 315 1175 sunt
336 1135 372 1176 eo
396 1119 536 1196 consili0,
560 1128 605 1198 ut,
631 1125 658 1184 si
682 1136 819 1207 possent,
842 1136 1006 1196 castellum
1029 1139 1079 1198 cui
1101 1152 1246 1218 praeerat

192 1239 219 1272 ιο
241 1212 432 1282 oriturus
452 1217 574 1294 legatus
595 1236 810 1304 expugnarent
832 1237 1020 1312 pontemque
1042 1237 1246 1301 interscinde-

241 1315 328 1386 rent3
351 1311 497 1374 siminus
513 1319 700 1398 potuissent,
717 1343 808 1402 agros
824 1329 993 1390 Remorum
1007 1335 1245 1414 popularentur,

240 1406 294 1484 qui
309 1427 422 1486 magno
436 1411 525 1472 nobis
541 1416 613 1475 usui
628 1421 668 1478 ad
683 1421 801 1482 bellum
816 1427 985 1502 gerendum
1000 1437 1097 1508 erant,
1114 1452 1247 1495 comme·
1338 1493 1340 1502 ,

240 1509 356 1581 atuque
370 1512 495 1568 nostros
512 1512 722 1589 prohiberent.

279 1603 333 1670 10.
360 1607 473 1668 Caesar
487 1613 602 1672 certior
615 1615 719 1676 iactus
735 1618 774 1678 ab
788 1619 912 1680 Titurio
927 1641 1050 1684 omnem
1065 1627 1245 1704 equitatum

190 1727 215 1776 ις
239 1707 271 1762 et
298 1702 378 1764 levis
407 1713 582 1770 armaturae
608 1712 771 1790 Numidas,
798 1717 974 1779 funditores
999 1723 1245 1804 sagittariosque

236 1806 365 1878 pontem
386 1805 524 1886 traducit
546 1812 640 1886 atque
662 1812 702 1870 ad
723 1831 774 1871 eos
796 1816 969 1876 contendit.
1007 1818 1132 1880 Acriter
1150 1823 1186 1881 in
1205 1843 1244 1885 eo

237 1903 304 1964 loco
332 1913 504 1984 pugnatum
535 1915 592 1968 est.
646 1909 764 1970 Hostes
793 1911 960 1989 impeditos
992 1918 1093 1976 nostri
1124 1919 1157 1978 in
1186 1921 1245 1982 flu-

237 2001 320 2062 min'e
338 2005 478 2080 adgressi
495 2025 643 2083 magnum
661 2025 767 2066 eorum
785 2027 949 2069 numerum
967 2014 1160 2075 occiderunt:
1184 2038 1244 2096 per

236 2121 343 2163 eorum
370 2124 498 2182 corpora
526 2104 663 2182 reliquos
692 2105 898 2166 audacissime
927 2111 1061 2170 transire
1090 2105 1243 2176 conantes

186 2229 214 2262 20
236 2204 440 2264 multitudine
455 2205 590 2263 telorum
606 2202 826 2278 reppulerunt3
847 2205 964 2282 primos
980 2209 1034 2285 qui
1049 2210 1243 2272 transierant

235 2300 379 2378 equitatu
400 2302 629 2362 circumventos
652 2299 887 2360 interfecerunt.
931 2303 1058 2380 Hostes,
1076 2307 1130 2366 ubi
1148 2314 1180 2367 et
1200 2311 1241 2370 de

235 2400 441 2476 expugnando
467 2399 581 2477 oppido
608 2403 640 2456 et
665 2397 703 2456 de
728 2395 857 2456 flumine
882 2403 1072 2462 transeundo
1094 2423 1182 2482 spem
1205 2425 1241 2466 se

234 2495 390 2556 fefellisse
414 2496 640 2557 intellexerunt
665 2513 766 2572 neque
791 2500 914 2555 nostros
940 2497 1099 2559 inlocum
1124 2500 1242 2579 iniqui-

234 2615 319 2656 orem
338 2598 483 2675 progredi
502 2598 663 2676 pugnandi
685 2615 779 2658 causa
796 2595 951 2669 viderunt,
970 2602 1063 2674 atque
1083 2597 1167 2674 ipsos
1187 2619 1239 2660 res

183 2717 209 2766 25
233 2692 440 2754 frumentaria
459 2695 590 2755 deficere
610 2696 722 2774 coepit,
740 2695 872 2756 concilio
888 2700 1055 2754 convocato
1069 2696 1240 2756 constitue-

233 2794 308 2848 runt
332 2791 485 2866 optimum
511 2811 578 2852 esse
603 2794 729 2852 domum
755 2812 843 2853 suam
867 2810 1021 2870 quemque
1046 2793 1170 2866 reverti,
1194 2800 1236 2868 et,

234 2903 366 2960 quorum
387 2886 421 2944 in
438 2886 517 2947 fines
539 2888 675 2965 primum
696 2891 831 2950 Romani
854 2889 1025 2950 exercitum
1047 2888 1238 2950 introduxis-

233 2987 312 3057 sent,
328 2983 368 3042 ad
382 3001 434 3042 eos
455 2984 666 3045 defendendos
687 2988 825 3065 undique
846 2989 1058 3061 convenirent,
1074 2991 1110 3046 ut
1129 2987 1235 3064 potius

232 3077 266 3138 iu
281 3079 346 3140 suis
362 3099 456 3158 quam
474 3079 506 3138 in
521 3081 632 3142 alienis
651 3082 765 3144 finibus
786 3085 982 3146 decertarent
1003 3091 1035 3144 et
1055 3084 1235 3144 domesticis
1304 3094 1307 3100 '

182 3205 210 3252 30
232 3177 330 3255 copiis
353 3177 398 3237 rei
420 3178 644 3240 frumentariae
665 3186 836 3242 uterentur.
881 3183 933 3242 Ad
954 3203 1021 3242 eam
1045 3182 1234 3244 sententiam

232 3293 302 3333 cum
317 3273 447 3351 reliquis
468 3274 569 3333 causis
587 3275 664 3335 haec
681 3295 803 3354 quoque
823 3279 903 3338 ratio
923 3298 975 3338 eos
995 3281 1134 3357 deduxit,
1151 3284 1235 3359 quod

232 3369 427 3430 Divitiacum
451 3373 545 3446 atque
568 3369 693 3430 Aeduos
718 3372 833 3431 finibus
861 3374 1098 3435 Bellovacorum
1127 3380 1236 3456 adpro
