2718 3706
565 182 676 228 nrnnn
699 181 738 228 11.
1133 159 1172 223 31

117 350 234 426 Belgas
253 348 526 427 amplificatum,
546 368 677 426 quorum
697 347 823 408 auxiliis
843 351 937 425 atque
957 345 1076 424 opibus,
1093 344 1121 404 si

118 467 183 526 qua
196 446 279 506 bella
292 445 469 520 inciderint,
486 451 661 505 sustentare
676 445 865 506 consuerint.

161 543 215 609 15.
244 543 357 604 Caesar
378 543 504 603 honoris
529 543 680 603 Divitiaci
705 548 800 619 atque
824 542 1004 601 Aeduorum
1028 559 1122 601 causa

120 661 189 701 sese
212 659 264 699 eos
287 640 436 699 infidam
459 645 658 718 recepturum
683 645 715 699 et
740 644 996 699 conservaturum
1021 637 1119 713 dixit3

121 739 206 816 quod
227 742 294 796 erat
315 737 427 796 civitas
449 756 563 814 magna
582 737 666 796 inter
685 737 798 814 Belgas
821 736 1009 796 auctoritate
1028 741 1122 812 atque
1150 762 1160 810 5

123 835 284 894 hominum
307 834 510 893 multitudine
532 834 719 912 praestabat,
741 839 904 893 sexcentos
926 833 1050 893 obsides
1071 852 1123 910 po-

123 933 232 1010 poscit.
275 932 337 991 His
352 931 478 990 traditis
494 932 701 1009 omnibusque
716 931 810 990 armis
832 949 872 990 ex
893 931 1007 1008 oppido
1022 929 1123 989 conia

122 1027 175 1104 tis,
199 1029 238 1088 ab
263 1047 299 1088 eo
323 1029 391 1088 loco
416 1028 450 1086 in
475 1028 552 1088 fines
578 1028 804 1088 Ambianorum
830 1028 982 1106 pervenit,
1009 1027 1064 1104 qui
1089 1045 1122 1086 se

122 1144 241 1203 suaque
261 1125 366 1185 omnia
384 1125 451 1184 sine
470 1144 557 1185 mora
575 1125 770 1185 dediderunt.
815 1127 932 1184 Eorum
951 1125 1028 1184 fines
1046 1125 1123 1185 Ner-

123 1223 168 1282 vii
193 1224 409 1300 attingebant3
438 1241 570 1300 quorum
593 1223 631 1282 de
654 1229 768 1282 natura
788 1223 989 1300 moribusque
1011 1223 1124 1283 Caesar
1150 1249 1176 1280 10

123 1339 195 1380 oum
207 1325 378 1398 quaereret,
391 1319 436 1379 sic
448 1320 636 1397 reperiebat:
659 1320 792 1380 Nullum
804 1319 925 1380 aditum
936 1338 1004 1379 esse
1016 1319 1056 1379 ad
1069 1337 1122 1378 eos

124 1417 366 1493 mercatoribus;
396 1416 477 1475 nihil
501 1417 570 1496 pati
591 1417 658 1476 vini
679 1417 932 1495 reliquarumque
954 1436 1058 1476 rerum
1079 1416 1123 1474 in-

124 1515 210 1590 ferri,
239 1516 323 1592 quod
353 1515 392 1575 iis
423 1515 516 1574 rebus
546 1515 780 1592 relanguescere
809 1514 929 1574 animos
957 1533 1064 1574 eorum
1090 1519 1122 1573 et

125 1612 246 1673 remitti
260 1613 411 1672 virtutem
425 1612 660 1672 existimarent:
684 1631 751 1672 esse
773 1612 914 1672 homines
937 1612 1020 1671 feros
1042 1630 1124 1688 mag·

125 1730 245 1789 naeque
277 1709 425 1785 virtutis;
461 1709 650 1786 increpitare
681 1715 775 1786 atque
810 1709 953 1769 incusare
987 1709 1124 1790 reliquos
1152 1733 1176 1782 ις

125 1809 240 1886 Belgas
265 1807 320 1886 qui
345 1826 378 1866 se
403 1807 519 1884 populo
541 1807 682 1865 Romano
708 1805 903 1865 dedidissent
928 1805 1124 1882 patriamque

126 1905 277 1965 virtutem
309 1904 534 1982 proiecissent3
567 1903 750 1962 confirmare
778 1921 846 1962 sese
874 1921 976 1979 neque
1004 1903 1123 1978 legatos

127 2002 277 2062 missuros
291 2020 393 2078 neque
406 2001 505 2060 ullam
520 2000 732 2060 condicionem
748 2000 833 2077 pacis
848 2005 1037 2076 accepturos.

168 2098 221 2165 16.
250 2099 327 2160 Cum
348 2117 405 2176 per
426 2117 533 2157 eorum
554 2097 632 2157 fines
654 2097 795 2156 triduum
812 2096 874 2155 iter
890 2095 1026 2170 fecisset,
1042 2096 1126 2154 inve·

127 2197 234 2256 niebat
258 2215 297 2255 ex
324 2194 458 2272 captivis
488 2194 593 2254 Sabim
621 2193 738 2253 flumen
765 2193 805 2252 ab
833 2191 945 2252 castris
974 2193 1039 2252 suis
1065 2211 1127 2250 non
1151 2219 1179 2250 ιο

128 2293 262 2371 amplius
278 2292 366 2351 milia
380 2310 528 2368 passuum
546 2311 567 2350 x
584 2291 708 2351 abesse:
731 2296 818 2350 trans
837 2290 871 2349 id
888 2289 1002 2349 flumen
1019 2307 1125 2348 omnes

127 2390 261 2450 Nervios
279 2389 457 2450 consedisse
472 2389 704 2465 adventumque
719 2388 764 2447 ibi
778 2388 990 2446 Romanorum
1004 2405 1127 2463 exspec-

127 2495 195 2548 tare
216 2506 369 2547 unacum
390 2485 552 2546 Atrebatis
576 2491 607 2544 et
628 2483 855 2546 Veromanduis
880 2483 1025 2542 finitimis
1050 2483 1124 2558 suis,

129 2605 201 2645 nam
223 2585 273 2644 his
296 2584 438 2662 utrisque
461 2587 681 2661 persuaserant
705 2580 754 2640 uti
779 2581 908 2640 eandem
933 2580 1009 2640 belli
1032 2581 1129 2640 fortu-

128 2703 200 2743 nam
215 2681 450 2760 experirentur3
472 2678 648 2757 exspectari
663 2678 758 2738 etiam
774 2678 812 2737 ab
825 2677 875 2736 his
889 2677 1124 2738 Aduatucorum
1154 2705 1179 2754 25

128 2780 232 2858 copias
247 2785 342 2856 atque
356 2797 423 2838 esse
438 2777 472 2836 in
486 2777 614 2852 itinere3
634 2775 780 2834 mulieres
796 2774 911 2852 quique
926 2793 982 2852 per
992 2781 1127 2836 aetatem

129 2878 168 2936 ad
189 2894 325 2954 pugnam
347 2874 476 2934 inutiles
492 2873 675 2933 viderentur
692 2871 726 2930 in
744 2891 815 2930 eum
831 2871 934 2931 locum
948 2873 1126 2948 coniecisse,

130 2993 190 3050 quo
205 2978 333 3050 propter
347 2971 476 3049 paludes
492 2969 644 3030 exercitui
659 2969 764 3028 aditus
778 2987 842 3028 non
856 2974 947 3028 esset.

150 3068 220 3134 .17.
249 3069 311 3128 His
339 3068 431 3128 rebus
460 3066 594 3143 cognitis
623 3066 836 3144 exploratores
868 3066 1128 3144 centurionesque

130 3165 306 3244 praemittit
321 3164 376 3242 qui
389 3164 493 3223 locum
507 3163 654 3222 idoneum
669 3163 780 3223 castris
796 3163 946 3240 deligant.
990 3163 1068 3224 Cum
1088 3181 1127 3222 ex
1155 3191 1182 3238 3⁰

130 3263 288 3322 dediticiis
309 3261 417 3338 Belgis
440 3259 632 3338 reliquisque
652 3260 754 3321 Gallis
776 3261 949 3337 complures
966 3260 1129 3320 Caesarem

131 3360 231 3422 secuti
254 3379 318 3420 una
342 3359 403 3418 iter
426 3359 573 3432 facerent,
598 3356 726 3434 quidam
751 3375 790 3416 ex
813 3356 873 3434 his,
897 3362 933 3416 ut
957 3360 1067 3434 postea
1090 3374 1130 3415 ex
