2718 3706
514 237 516 239 ,
582 193 679 242 ssoorr
702 194 740 241 11.
1140 176 1181 244 15

133 359 270 419 fluminis
293 359 369 438 ripis
392 361 634 438 proelir‘rbantur.
677 361 722 420 At
744 361 821 420 tetis
843 361 910 422 fere
931 381 950 422 a
970 363 1076 422 frente
1100 368 1132 422 et
1157 391 1183 424 10

132 457 170 516 ab
195 456 325 516 sinistra
345 463 435 534 perte
456 458 582 518 nudetis
605 459 725 533 eastris,
749 477 855 518 ornnes
877 459 988 519 Nervii
1011 461 1131 520 censer-

131 553 255 612 tissimo
277 554 409 630 figmine,
432 555 509 614 duce
531 555 746 631 Boduognutq
769 555 824 632 qui
845 574 998 616 summam
1020 557 1132 635 imperi

132 650 266 724 tenebat,
282 651 322 710 ad
336 669 407 710 eum
418 651 522 712 locum
533 652 760 712 contenderunt
766 675 774 728 ;
790 660 922 734 querum
937 671 1008 731 pars
1024 661 1132 732 aperto

132 745 229 806 latere
254 747 394 824 legiones
419 747 651 824 eireumvenire,
678 768 749 826 pars
775 767 931 809 summum
959 756 1131 812 eastrerum

131 843 234 903 locum
249 850 354 922 petere
369 845 481 923 eoepit.
1156 859 1182 904 Ῑ5

229 961 386 1019 lassitudo,
400 959 565 1022 defatipdtio.
729 964 891 1022 censer-tus,
906 963 1011 1013 densus.

230 1044 394 1102 emeatus,
408 1043 532 1105 defessus.
730 1059 857 1104 summa,
870 1046 943 1106 cira,
957 1045 981 1094 4.

230 1127 386 1184 compello,
401 1139 459 1187 apo.
731 1130 890 1188 contendo,
900 1143 1023 1204 propero,
1038 1129 1078 1180 12.

230 1209 412 1268 redintegro,
425 1221 529 1258 renovo.
731 1214 809 1270 peto,
824 1223 942 1261 accurro.

218 1373 288 1431 Itis
303 1375 462 1450 bepirminp
476 1382 505 1432 to
520 1375 586 1432 look
600 1393 670 1450 very
685 1376 763 1434 derit
771 1378 827 1450 for·
840 1377 886 1435 the
901 1377 1067 1437 Romans·

173 1493 230 1559 24.
253 1495 371 1554 Eedem
393 1500 533 1572 tempore
547 1495 670 1573 equites
686 1496 784 1556 nostri
800 1497 941 1575 levisque
957 1504 1132 1560 armaturae

132 1592 263 1670 pedites²
279 1591 419 1669 quicum
434 1591 474 1650 iis
490 1599 551 1651 sina
565 1593 698 1667 fuerant,
715 1612 784 1652 eum
803 1612 836 1653 se
853 1595 884 1653 in
902 1601 1005 1654 cestre
1019 1597 1133 1674 recipe-

132 1695 211 1764 rent,
237 1688 381 1748 hostibus
407 1690 611 1749 occurrebant
637 1697 672 1750 {re
697 1697 803 1750 rursus
829 1691 923 1750 aliam
948 1692 981 1750 in
1009 1699 1131 1770 partem

132 1786 240 1863 fugem
268 1783 433 1863 petebant5
462 1791 495 1844 et
523 1786 656 1861 stiones,
686 1788 856 1864 praedandi
884 1807 978 1848 eausa
1005 1791 1130 1866 egressi,
1159 1811 1161 1814 ·

131 1901 202 1942 eum
231 1882 442 1960 respexissent
470 1888 502 1942 et
530 1883 636 1943 hostes
665 1882 699 1941 in
726 1885 843 1944 nostris
872 1886 983 1945 castris
1013 1887 1131 1946 verstri
1154 1910 1168 1956 5

132 1980 293 2055 vidissent,
325 1979 513 2058 praecipites
547 1981 640 2057 fugae
673 1987 740 2040 sese
772 1982 970 2041 mandabant.
1031 1983 1131 2042 Simul

132 2084 239 2137 etrum
263 2077 318 2154 qui
344 2096 414 2137 eum
439 2076 672 2154 impedimentis
697 2078 864 2137 veniebant
889 2079 1006 2138 elamor
1028 2080 1132 2139 fremi-

131 2179 246 2252 tusque
261 2174 427 2250 oriebttur,
443 2174 559 2252 aliique
574 2174 668 2233 aliem
684 2175 717 2232 in
732 2181 851 2252 partem
868 2176 1029 2253 perterriti
1051 2177 1131 2237 fere·

131 2271 254 2330 bantur.
307 2271 425 2342 Quibus
454 2271 598 2332 omnibus
627 2272 718 2331 rebus
746 2273 880 2348 permeti
909 2278 984 2332 sunt
1008 2274 1130 2351 equites

131 2369 268 2444 Treveri,
285 2369 339 2446 qui
354 2368 453 2429 auxili
473 2387 567 2429 eausa
587 2369 626 2428 ab
647 2369 774 2428 civitate
796 2370 836 2429 ad
857 2371 1020 2430 Caesarem
1042 2371 1130 2431 missi
1155 2403 1182 2434 10

131 2471 290 2525 venerant.
334 2467 417 2543 Ergo
441 2485 510 2526 eum
537 2465 739 2525 multitudine
764 2466 901 2526 hostium
927 2473 1030 2528 cestra
1053 2487 1132 2528 eom-

131 2562 218 2639 pleri,
234 2563 373 2640 legiones
395 2563 495 2640 premi
517 2569 549 2622 et
570 2581 668 2641 paene
686 2563 913 2624 circumventas
928 2565 1037 2640 teneri,
1053 2566 1132 2626 cele

130 2678 195 2734 nes,
211 2660 343 2737 equites,
359 2660 537 2720 funditeres
552 2659 586 2718 in
600 2679 706 2720 omnes
722 2666 827 2738 partes
845 2661 953 2737 fugere
968 2663 1129 2738 vidissent,

130 2757 304 2834 desperetis
320 2757 437 2817 nostris
452 2758 553 2833 rebus,
569 2758 695 2816 domurn
711 2759 938 2817 contenderunt
957 2764 1052 2837 atque
1072 2761 1132 2821 Re-

129 2861 238 2914 mr'tnos
253 2855 359 2932 pulsos
375 2860 601 2934 superatusque
616 2855 739 2915 civitati
753 2855 1020 2916 renuntiaverunt.
1156 2892 1181 2939 15

229 2981 393 3036 armetur-a,
406 2992 491 3036 arma,
506 2977 544 3026 10.
694 2979 843 3037 fremitus,
857 2980 989 3040 strepitus,
1004 2979 1044 3030 11.

229 3073 278 3108 me
289 3059 409 3118 recipio,
424 3072 464 3107 me
477 3059 592 3120 censere,
608 3057 649 3105 13.
696 3062 785 3119 orior,
799 3061 902 3120 nascor,
916 3061 940 3110 4.

230 3155 363 3200 occurro,
378 3139 474 3198 incido,
486 3140 527 3188 21.
674 3147 678 3151 “
697 3157 809 3201 premo,
824 3157 912 3204 urpeo.

231 3226 377 3284 egredior,
393 3237 461 3280 exeo,
475 3221 515 3270 13.
698 3237 800 3282 paene,
809 3225 876 3286 sere,
892 3225 930 3273 19.

230 3321 341 3365 versor,
356 3320 414 3354 sum
427 3305 576 3365 occupetur,
591 3304 612 3351 1.
697 3310 790 3362 pello:
805 3307 882 3368 supe,
890 3307 1028 3368 premite,
1044 3309 1082 3359 19.

231 3391 352 3447 urendo,
367 3387 527 3436 commende.
698 3401 813 3446 supero,
828 3390 911 3438 vince.
