2718 3706
160 173 200 236 14
477 171 635 236 cnsnn's
657 187 790 236 annuc
814 188 903 235 wne

209 355 335 416 dovouit
348 371 489 434 quaeque
504 361 605 433 prima
619 361 707 432 sIgna
721 355 893 432 conspexit,
907 355 947 414 ad
961 354 1037 415 haec
1053 355 1208 430 constitit,

209 473 246 512 ne
262 453 295 512 in
310 453 495 531 quaerendis
511 453 576 512 suis
592 453 751 531 pognandi
766 458 890 529 ternpus
906 452 1088 528 dimitteret.

306 571 441 628 dovenio,
450 570 583 630 pervenio.
772 570 980 626 adcommoda,
995 574 1065 629 opto.

306 653 467 710 pristinus:
487 657 567 710 velus,
582 651 715 712 antiquus.
773 652 875 709 induo,
890 651 994 700 indico.

306 736 460 793 perturbo,
475 747 630 792 commoveo,
644 733 682 782 12.
774 735 913 792 dotrodo‚
927 733 1044 783 decreto.

306 818 447 875 sustineo,
461 821 588 874 sustento,
601 815 624 863 6.
772 819 853 873 eosu,
863 815 943 877 jorn.

306 913 441 958 occurro,
456 897 551 948 incido.
774 900 934 956 conspicio,
948 898 1091 959 conspicor.

307 983 466 1043 exiguitas,
482 982 601 1032 brevitas.
773 981 902 1039 dimitto,
915 981 1015 1030 omitto.

208 1139 261 1198 All
275 1142 301 1197 is
315 1140 472 1215 confusion
489 1141 523 1196 in
540 1139 588 1196 ilie
606 1139 692 1196 battle
699 1155 712 1210 ,·
734 1138 780 1195 ilie
795 1139 988 1196 commender
1001 1156 1058 1196 can
1072 1139 1110 1196 clo
1125 1139 1208 1196 little.

251 1260 307 1325 22.
331 1249 490 1320 instructo
510 1259 650 1319 exercitu
667 1259 765 1335 inagis
787 1264 823 1318 ut
845 1259 905 1318 loci
927 1266 1039 1318 notiora
1057 1259 1211 1319 deiectus-

209 1378 270 1437 que
291 1357 380 1418 collis
402 1363 434 1417 et
455 1357 626 1416 necessitas
648 1358 798 1433 temporis
821 1375 914 1434 qiiam
935 1363 972 1414 ut
994 1356 1039 1415 rei
1060 1357 1208 1416 militoris

209 1455 290 1516 ratio
309 1462 404 1532 atque
420 1455 496 1514 ordo
513 1455 701 1530 postulabat,
719 1455 816 1513 fiobat
837 1459 873 1512 ut
890 1454 969 1513 aliae
988 1454 1128 1530 legiones
1147 1453 1211 1513 alia

209 1553 242 1612 in
254 1557 341 1631 parte
353 1551 497 1612 hostibus
509 1551 690 1610 resisterent
701 1573 708 1626 3
729 1551 874 1628 saepibus
886 1557 991 1610 autem
1003 1551 1208 1626 densissimis,

173 1668 188 1716 5
210 1656 246 1709 ut
265 1655 337 1709 aute
357 1649 648 1723 domonstrovimus,
664 1647 838 1720 interiectis
860 1655 1043 1726 prospectus
1065 1648 1211 1726 impedio·

210 1747 310 1822 batur,
333 1751 368 1805 ut
389 1765 490 1823 neque
511 1751 596 1805 certa
611 1745 758 1824 subsidia
778 1745 941 1820 conlecti-i,
964 1764 1065 1822 neque
1086 1746 1125 1805 ab
1148 1751 1209 1804 ono

209 1843 314 1903 omnia
339 1843 469 1920 imperia
493 1842 707 1902 administrori
732 1848 869 1919 possent.
923 1843 1035 1919 Itaque
1061 1842 1094 1900 in
1119 1848 1211 1902 tanta

209 1947 312 2002 rorum
335 1941 510 2018 iniquitate,
533 1941 679 2000 fortonae
697 1957 819 2016 quoque
845 1944 977 1998 oventus
1000 1939 1079 1998 varii
1104 1946 1210 2018 sequo-

208 2039 329 2098 bantur.

306 2156 448 2213 doieetus,
462 2153 603 2213 doclioitos,
617 2152 640 2201 8.
809 2154 997 2212 administro,
1012 2167 1071 2216 ooo,
1085 2152 1124 2203 20.

306 2239 395 2295 ratio,
409 2237 526 2286 scientio.
806 2237 962 2294 iniquitas,
975 2237 1097 2286 varietas.

305 2321 452 2379 interisio,
466 2319 612 2381 interpono.
808 2322 942 2378 eventus,
957 2319 1042 2368 cosas.

333 2478 393 2536 ine
411 2478 499 2536 battle
517 2495 611 2537 seems
629 2485 658 2537 to
678 2480 711 2537 oe
727 2482 817 2556 qoinp
834 2483 953 2556 opuinsi
975 2479 1086 2540 Ooeeor.

250 2590 306 2657 23.
330 2592 477 2668 Legionis
497 2601 597 2653 nonae
619 2599 651 2653 et
672 2593 809 2654 decimae
824 2595 949 2670 milites
965 2601 1002 2654 ut
1024 2595 1056 2652 in
1078 2593 1209 2654 sinistra

208 2695 297 2767 parte
320 2689 385 2749 anie
407 2690 624 2765 constiterant,
649 2691 818 2752 Atrebates
842 2711 934 2752 cursu
960 2699 995 2752 oe
1020 2691 1206 2751 lassitudine

208 2785 402 2860 exanimotos
432 2787 676 2865 vulneribusque
705 2789 864 2848 confectos
896 2789 1039 2848 celeriter
1071 2807 1109 2847 ex
1139 2787 1207 2846 loeo

208 2882 368 2959 superiore
397 2881 429 2939 in
457 2882 573 2942 flomen
601 2885 826 2962 compulerunt.
884 2888 964 2945 Tum
993 2904 1045 2945 eos
1073 2889 1206 2944 trousire

172 2999 186 3046 5
209 2984 356 3040 conantes
377 2979 519 3051 insecoti,
543 2980 655 3056 gladiis
678 2990 822 3058 mognam
843 2989 963 3060 partem
986 2991 1093 3042 eorum
1114 2981 1208 3039 inter-

208 3077 358 3136 foeorunt.
403 3075 471 3153 Ipsi
496 3081 629 3136 tronsire
654 3078 768 3138 flomen
790 3088 851 3138 non
874 3080 1099 3140 dubitovorunt
1120 3083 1152 3137 et
1173 3076 1207 3135 in

206 3175 308 3235 locum
331 3173 473 3250 iniquum
495 3175 661 3250 progressi,
678 3175 783 3236 hostes
805 3177 1018 3253 redintegroto
1036 3176 1154 3254 proelio
1173 3174 1207 3232 in
1253 3207 1257 3214 ·

207 3273 315 3348 fugam
341 3271 548 3331 coniecerunt.
591 3273 672 3330 Item
699 3274 761 3332 alia
785 3274 818 3331 in
843 3279 933 3351 parte
959 3275 1100 3332 diversae
1127 3273 1205 3331 duae

207 3367 354 3442 legiones
371 3365 535 3425 undecima
556 3373 587 3424 et
610 3374 728 3442 octova,
745 3389 783 3428 ex
804 3370 872 3428 loco
892 3369 1051 3447 superiore
1073 3370 1107 3427 in
1127 3368 1205 3446 ipsis
