2718 3706
577 159 676 206 BOOK
698 160 737 206 Π.

213 357 319 418 Ooesor
340 361 441 417 learns
461 359 507 418 tte
528 361 655 418 number
675 364 714 436 of
728 363 775 421 tte
796 365 925 439 eaemy’s
939 367 1051 440 forces.

170 479 203 542 4.
234 481 313 539 Cum
330 480 369 538 ab
386 480 435 539 his
454 487 618 557 quaereret
634 501 712 558 quae
728 483 871 542 civitates
887 490 1084 561 quantaeque
1099 485 1132 544 in

127 577 222 636 armis
247 582 352 635 essent
377 583 409 636 et
434 577 511 654 quid
536 577 567 636 in
594 578 677 637 bello
702 586 839 656 possent,
866 586 909 639 sio
937 581 1130 658 reperiebat:

127 667 266 750 plerique
289 671 404 750 Belgae
426 679 500 732 sunt
522 675 583 732 orti
605 675 644 734 ab
666 677 832 736 Germanis
852 677 1062 754 Rhanumque
1081 697 1133 738 an-

127 770 261 847 tiquitus
283 770 420 829 traduoti
441 770 484 829 ibi
504 772 719 846 oansadarunt,
737 773 908 850 Gallosque
930 773 985 851 qui
1007 793 1044 834 ea
1063 775 1133 834 looa

129 867 308 926 incolebant
324 868 520 944 expularunt.
564 868 630 928 Soli
649 869 778 928 fuamnt
796 869 850 946 qui
872 871 1030 948 Teutonos
1052 871 1132 931 Cim·
1154 881 1168 927 5

129 959 263 1040 brosque
285 964 368 1022 intra
389 955 470 1023 fines
491 983 563 1024 suos
585 965 707 1042 ingredi
728 967 964 1044 prohibuarunt.
1007 967 1075 1038 Qua
1093 986 1132 1026 ex

129 1080 162 1120 re
178 1061 276 1120 flabat
290 1066 326 1120 ut
337 1069 482 1138 magnam
494 1062 555 1120 sibi
566 1063 786 1122 auctoritatem
799 1071 989 1141 magnosque
1001 1064 1131 1142 spititus

128 1159 161 1217 in
186 1178 219 1218 re
244 1157 375 1218 militari
401 1165 567 1219 sumerent.
610 1161 659 1219 De
683 1180 812 1220 numero
838 1169 945 1220 eorum
969 1161 1074 1222 omnia
1098 1180 1131 1222 se

127 1256 241 1315 habare
256 1257 418 1334 explorata
432 1257 525 1316 Remi
540 1258 689 1317 dicabant.
734 1258 889 1329 Quantam
907 1259 1040 1336 quisque
1055 1260 1132 1318 mul-

127 1353 296 1412 titudinem
307 1355 340 1412 in
351 1355 506 1414 communi
518 1356 687 1432 Belgarum
698 1356 830 1416 oonoilio
841 1357 881 1416 ad
893 1356 926 1415 id
940 1356 1057 1415 bellum
1069 1357 1131 1434 pol·
1155 1379 1182 1412 10

128 1451 235 1510 licitus
251 1458 334 1511 esset
348 1459 567 1529 cognoverant.
610 1453 784 1512 Plurimum
800 1453 949 1516 intereos
970 1453 1131 1514 Bellovaci

129 1555 161 1608 et
183 1551 301 1608 virtate
324 1556 355 1609 et
377 1552 564 1611 aucteritate
587 1557 618 1610 et
639 1552 801 1611 hominum
822 1569 952 1610 numero
973 1551 1130 1610 velabant.

128 1646 173 1703 Hi
189 1652 334 1724 poterant
345 1648 495 1707 conficere
510 1655 631 1707 armata
645 1649 731 1708 milia
742 1655 884 1724 eentum3
907 1648 1041 1725 polliciti
1056 1653 1131 1708 sunt

128 1762 167 1802 ex
187 1762 222 1800 eo
243 1762 371 1801 numero
389 1745 487 1802 alanta
508 1746 673 1820 sexaginta
690 1751 850 1822 totiusque
869 1745 945 1804 belli
964 1733 1131 1822 imperium

128 1835 189 1898 sibi
211 1840 421 1918 postulabant.
473 1841 656 1900 Suessianee
681 1842 849 1900 Bamorum
872 1847 961 1900 erant
981 1842 1129 1917 finitimi3
1155 1860 1181 1907 15

128 1937 299 1998 latissimos
318 1936 591 2014 feracissimosque
609 1956 697 2014 agros
715 1937 925 2015 possidabant.
968 1937 1064 2014 Apud
1078 1957 1130 1997 eos
1228 1953 1236 1970 ·

129 2035 192 2094 fuit
210 2042 265 2095 rex
284 2041 392 2095 nostra
412 2035 506 2094 etiam
524 2034 674 2094 memoria
691 2034 878 2107 Divitiaeus‚
894 2039 992 2092 tatius
1008 2034 1131 2094 Galliae

128 2133 374 2210 potentissimae,
398 2133 452 2210 qui
474 2151 544 2192 cum
565 2139 695 2208 magnae
716 2131 816 2208 partis
837 2131 948 2190 harum
969 2130 1130 2207 regionum

127 2236 195 2288 tum
211 2231 306 2290 etiam
320 2229 502 2289 Britanniae
518 2229 683 2306 imperium
700 2227 845 2306 obtinuit.
885 2228 917 2286 N
919 2246 979 2287 uno
993 2233 1060 2286 erat
1075 2233 1130 2286 rex

129 2329 245 2404 Galba3
268 2328 411 2387 adhunc
433 2331 561 2404 propter
583 2326 737 2386 iustitiam
759 2323 1020 2403 pradentiamque
1042 2342 1129 2383 suam
1153 2353 1180 2384 20

127 2425 202 2484 belli
217 2445 337 2484 summa
352 2425 457 2498 delata
471 2419 528 2483 est.

194 2554 314 2600 quaero,
328 2541 470 2600 interropo.
692 2541 827 2597 exploro,
841 2537 976 2600 caonasco.

191 2625 314 2680 reperio,
329 2622 464 2681 raynosco.
689 2624 784 2680 valeo,
793 2634 910 2681 possum.

191 2707 281 2762 orior,
298 2704 399 2752 nascor.
690 2705 827 2762 eanficlo,
841 2716 973 2764 comparo.

192 2787 325 2845 cansido,
339 2799 379 2834 me
391 2787 497 2834 colloco.
691 2787 787 2844 ferax,
797 2786 905 2847 fertilis.

192 2870 330 2928 spiritus:
350 2867 517 2930 adaequatio,
532 2869 625 2918 ultimi.
691 2882 823 2916 summa:
843 2868 916 2927 caro,
931 2868 1079 2930 imperium.

140 3017 189 3076 He
206 3017 289 3074 tutes
307 3015 441 3090 tostoqes
449 3015 535 3088 from
553 3015 599 3072 tte
617 3014 709 3074 Remi
726 3017 789 3072 arrd
805 3032 916 3073 moeses
933 3015 980 3074 tte
993 3014 1113 3074 Aeone.

167 3137 200 3202 ὃ.
231 3138 344 3197 Caesar
358 3155 481 3194 omnem
498 3141 642 3195 senatum
654 3132 697 3194 'ad
714 3152 747 3195 se
762 3142 926 3196 convenire
941 3137 1129 3214 principum-

127 3253 187 3312 qne
201 3235 313 3294 liberos
326 3232 449 3292 obsides
461 3233 500 3292 ad
512 3251 544 3291 ee
556 3232 667 3292 addaoi
682 3232 782 3292 iussit.
820 3233 903 3303 Quae
916 3232 1020 3291 omnia
1030 3233 1068 3290 ab
1079 3231 1127 3289 his

126 3331 292 3408 diligenter
307 3330 347 3390 ad
364 3329 447 3389 diem
461 3329 546 3388 iacta
561 3333 643 3389 sunt.
687 3329 760 3403 Ipse
776 3328 968 3390 Divitiacum
984 3328 1126 3387 Aeduum
