2718 3706
568 170 667 217 Boou
688 169 727 214 11.
1149 147 1169 212 5

120 342 288 402 multitado
302 339 423 418 lapides
439 346 474 399 ac
490 337 556 397 tale
572 337 758 410 conicerent,
773 335 808 394 in
824 341 911 408 maro
928 333 1121 406 cansistendi

120 435 259 518 potestas
284 442 352 498 erat
379 435 467 496 milli.
516 435 679 501 Postramo
707 433 805 492 linem
833 430 1032 510 oppignandi
1059 448 1122 488 nox
1146 450 1172 482 ιο

120 536 205 598 facit.
248 537 329 608 Tum
350 533 452 593 Iccius
474 533 600 606 Remus
623 529 678 608 qui
700 529 816 608 oppido
837 529 1025 606 praefuerat,
1047 534 1123 586 nan·

120 635 202 694 tium
224 632 264 692 ad
288 632 453 692 Caesarem
478 629 595 688 mittit:
622 627 685 702 nisi
709 626 884 686 subsidium
908 624 969 684 sibi
994 623 1123 702 submit-

122 737 216 805 tatur,
233 735 300 789 sase
315 727 434 788 diritius
450 726 605 786 sustinare
619 733 682 784 nou
697 742 796 802 posse.

253 848 347 902 tatus,
360 843 454 893 omnis.
689 842 810 899 subrue,
824 838 946 898 suffodio.

254 928 397 985 undique,
411 937 442 974 aa
454 925 528 974 omui
534 929 619 986 parto.
689 923 828 980 camisio,
842 926 890 971 sto.

254 1011 316 1068 ubi,
330 1021 397 1058 oum.
689 1018 838 1064 praesum,
846 1003 998 1065 praefectus
1008 1016 1076 1052 suus.

254 1093 345 1150 mido,
354 1091 442 1153 pravo.
690 1088 867 1146 subsidium,
883 1086 1022 1136 auxilium.

254 1175 399 1224 sucoado:
419 1173 520 1232 oscado,
534 1172 623 1222 subeo.
691 1171 831 1230 susanae,
844 1174 968 1218 sustento.

193 1333 273 1408 They
293 1332 435 1391 abendon
456 1331 503 1390 ibe
524 1333 601 1408 slepe
623 1330 686 1388 aad
707 1336 778 1387 turc
799 1331 920 1404 apertast
943 1324 1055 1386 Ooesar.

164 1453 198 1518 7.
228 1455 275 1513 Eo
293 1455 330 1512 de
347 1453 451 1512 media
464 1457 554 1512 nocte
570 1452 684 1512 Caesar
697 1448 852 1509 Numidas
867 1453 898 1507 et
913 1448 1021 1508 Gratas
1034 1447 1127 1524 sagit·

124 1551 222 1612 tarios
242 1557 273 1611 et
294 1550 472 1609 funditores
491 1549 637 1608 Baleares
659 1547 799 1606 subsidio
820 1545 985 1625 oppidanis
1007 1544 1124 1619 mittit;

125 1655 258 1725 quarum
272 1647 409 1705 adventu
423 1645 566 1704 hostibus
582 1663 653 1721 spes
675 1642 820 1721 potiundi
842 1641 950 1720 oppidi
971 1641 1124 1702 discessit.

126 1745 239 1819 Itaque
258 1742 417 1819 paulisper
436 1743 519 1819 apud
538 1743 688 1820 oppidum
709 1741 822 1801 morati
843 1748 996 1818 agrosque
1017 1740 1127 1798 Rama

126 1858 195 1898 rum
217 1837 400 1916 dapopulati
421 1839 461 1897 ad
482 1844 584 1898 castra
604 1838 746 1898 Caesaris
768 1837 910 1896 omnibus
935 1836 1034 1914 capiis
1058 1855 1127 1896 con·
1149 1855 1163 1904 5

18 1976 22 1983 -
127 1936 295 1996 tenderunt
317 1940 349 1995 et
371 1935 410 1995 ab
432 1934 558 1994 milibus
582 1951 732 2012 passuum
756 1933 859 1993 minus
883 1933 1002 1992 duabus
1026 1938 1129 1992 castra

127 2038 316 2111 posuarunt3
346 2051 426 2110 quae
448 2036 559 2106 castra,
581 2036 618 2090 ut
640 2029 727 2089 firmo
750 2035 845 2108 atque
865 2029 990 2106 ignibus
1012 2028 1128 2106 signifi-

51 2198 53 2204 ·
127 2130 264 2205 sabatur,
290 2129 425 2208 amplius
449 2129 576 2188 milibus
601 2146 750 2206 passuum
775 2132 845 2188 octo
869 2127 904 2186 in
927 2125 1128 2186 latitadinem

126 2227 284 2306 patabant.

259 2327 438 2384 subsidium,
452 2327 592 2386 auxilium,
603 2325 627 2374 6.
697 2339 808 2382 moror,
822 2329 938 2374 cunctor.

259 2411 366 2468 potior,
380 2421 486 2470 occupo.
693 2409 870 2465 dapopulor,
883 2406 965 2455 vasto.

259 2493 391 2551 discedo,
405 2491 477 2542 abeo.
697 2491 853 2548 contendo,
868 2488 981 2548 matare,
995 2486 1019 2536 5.

260 2575 421 2633 paulisper,
436 2573 491 2623 nac
503 2572 556 2622 dia.
697 2576 795 2632 pateo,
804 2572 934 2633 pertineo.

293 2737 399 2799 Oaescr
420 2741 527 2798 awutts
547 2739 593 2798 ibe
615 2738 714 2797 aitaclr
735 2740 773 2813 of
788 2739 833 2796 ihs
855 2755 965 2813 enemy,

168 2863 203 2928 8.
234 2861 348 2921 Caesar
375 2865 474 2939 primo
505 2866 633 2938 propter
664 2859 900 2920 multitudinem
929 2859 1069 2920 hostium
1098 2863 1129 2918 et

130 2964 256 3037 propter
274 2957 423 3018 eximiam
443 2957 621 3036 opinionem
639 2957 768 3017 virtatis
788 2956 906 3034 proelio
928 2956 1129 3034 supersedare

129 3055 259 3132 statuit3
281 3055 394 3115 cotidie
411 3060 517 3115 tamen
536 3055 612 3132 quid
628 3054 729 3114 hostis
746 3055 864 3113 virtate
881 3058 987 3131 posset
1004 3059 1036 3113 et
1054 3053 1131 3131 quid

129 3151 229 3211 nostri
246 3153 396 3212 audarent
410 3152 653 3230 periclitabatur.
697 3153 798 3211 Locus
813 3157 880 3211 erat
894 3169 949 3228 pro
964 3149 1075 3210 castris
1091 3150 1131 3208 ad

129 3247 226 3308 aciem
241 3249 456 3309 instruendam
471 3255 584 3309 natare
597 3254 790 3328 opportanus
805 3253 899 3326 atque
914 3247 1053 3306 idoneus.
1097 3245 1129 3304 Is
1152 3259 1166 3306 s

129 3350 234 3406 autem
249 3345 346 3423 collis,
358 3345 413 3406 ubi
428 3351 531 3406 castre
544 3346 648 3425 posite
659 3350 756 3422 erant,
770 3345 934 3424 paululum
944 3363 984 3403 ex
998 3341 1130 3421 planitie
