2718 3706
133 126 140 142 ·
164 117 185 178 4
484 111 644 175 omsnn's
668 126 800 174 cosmo
824 125 914 202 wia

215 305 328 374 mogno
339 313 431 374 opere
442 295 623 355 cohortatus
634 299 692 370 est.
728 293 789 353 Rei
803 293 944 371 publicae
960 294 1093 355 interest
1107 315 1219 357 manus

179 409 193 457 5
215 393 355 454 hostium
369 391 523 467 distinori,
539 411 578 451 ne
592 410 663 451 cum
680 396 771 451 tanta
784 390 988 450 multitirdine
1002 399 1064 451 ono
1077 397 1218 471 tempore

215 489 443 568 confligendum
464 488 514 548 sit.
533 489 597 548 lId
618 487 687 548 fieri
708 493 822 566 potest,
846 487 873 546 si
895 505 966 547 suas
988 489 1219 567 copiasAcdui

215 589 250 646 in
263 588 345 646 fines
360 586 598 646 Bellovacorum
613 584 845 644 introdoxerint
856 589 888 644 et
903 591 1011 645 eorum
1022 603 1112 662 agros
1124 603 1220 666 popu·

215 684 276 744 lori
287 683 455 761 coeperint.
492 683 551 741 His
566 682 724 741 mandatis
739 701 810 740 eum
825 665 864 741 ab
879 699 911 740 se
926 681 1067 741 dimittit.
1104 683 1220 743 Postea

216 782 330 843 Caesar
350 799 457 840 omnes
478 779 646 856 Belgarum
669 778 774 855 copias
796 778 830 836 in
851 784 947 836 imum
968 778 1070 838 locum
1095 785 1218 840 coootas
1295 821 1298 826 -

168 904 195 936 ιο
217 879 256 938 ad
276 897 309 938 se
328 883 433 937 venire
453 877 534 936 vidit
552 895 654 954 neque
673 877 736 935 iam
755 875 846 952 longe
868 875 984 934 abesse.
1026 877 1097 936 Hoc
1118 877 1157 936 ab
1177 877 1218 936 iis

217 983 295 1052 quos
310 980 437 1033 miserat
451 973 702 1051 exploratoribus
718 977 750 1031 et
763 972 803 1032 ab
818 971 925 1032 Bomis
940 972 1095 1048 cognovit.
1138 975 1219 1032 Tum
1259 1028 1264 1034 .
1326 1058 1329 1068 1

216 1071 331 1130 flomen
351 1070 495 1129 Axonam
514 1069 686 1130 exercitum
701 1069 863 1129 trodocere
879 1069 1050 1128 motorovit
1065 1075 1159 1148 atque
1174 1070 1219 1129 ibi

217 1175 320 1228 castra
338 1166 453 1244 posuit.
496 1167 581 1236 Quae
600 1185 649 1225 res
669 1163 752 1226 laius
770 1174 866 1226 imum
885 1172 1059 1226 castrorum
1075 1167 1151 1245 ripis
1165 1167 1220 1227 flir-

217 1265 311 1324 minis
334 1263 493 1323 muniebat
507 1268 540 1322 et
554 1268 626 1341 post
640 1282 711 1322 eum
726 1282 804 1340 quae
818 1255 924 1322 essent
938 1268 1008 1323 trita
1022 1264 1060 1323 ab
1074 1263 1218 1324 hostibus

168 1378 195 1424 ¹5
218 1361 375 1421 reddebat.
419 1361 617 1421 commeritus
637 1359 733 1419 etiam
752 1360 792 1420 ab
812 1360 919 1420 Bomis
939 1361 1129 1439 reliquisque
1148 1362 1219 1421 civi·
1256 1341 1268 1361 ”

217 1458 336 1518 totibus
348 1458 415 1517 sine
427 1458 564 1535 periculo
575 1457 695 1534 portori
706 1462 861 1535 poterant.
904 1457 943 1516 In
955 1477 990 1517 eo
1002 1458 1128 1518 flomine
1140 1467 1217 1537 pons

218 1559 295 1614 erat'
337 1555 387 1614 Ibi
409 1553 599 1632 praesidium
621 1554 711 1632 ponit
732 1560 764 1615 et
787 1555 821 1614 in
845 1554 945 1614 altera
968 1563 1057 1633 parte
1081 1555 1217 1615 flominis

218 1652 252 1722 Q.
271 1651 430 1710 Titurium
452 1651 600 1711 Sabinum
621 1652 759 1730 logotum
781 1670 852 1712 cum
874 1671 929 1711 sex
950 1652 1129 1713 cohortibus
1152 1653 1219 1712 reli-

218 1748 307 1826 quit;
336 1754 438 1808 castra
462 1748 495 1807 in
520 1749 722 1833 altitudinem
747 1750 860 1828 pedum
885 1767 938 1808 xrr
962 1749 1046 1809 rollo
1070 1750 1218 1828 fossoque

114 1918 122 1936 ⁹
168 1871 197 1902 ω
218 1845 434 1922 duodoviginti
447 1847 561 1924 pedum
576 1853 695 1907 monire
709 1847 805 1908 iubet.

331 1980 431 2038 iubeo,
444 1979 551 2040 impero.
834 1981 971 2038 populor,
985 1978 1066 2028 costo.

332 2065 443 2122 mogno
455 2075 552 2120 opere,
566 2061 735 2111 vehementer.
834 2061 1085 2121 accucurrimus.

331 2145 466 2200 interest,
476 2144 597 2204 pertinet.
607 2153 619 2161 ·
835 2147 991 2204 cognosco,
1005 2144 1116 2206 reperio,
1129 2143 1153 2193 4.

332 2227 470 2284 obtineo,
484 2226 581 2274 divido.
756 2281 760 2288 ¹
836 2229 963 2285 maturo,
971 2239 1092 2288 propera.

332 2309 477 2368 confligo:
493 2307 595 2369 poclm,
608 2307 713 2356 comico.
835 2312 1029 2368 commeatus,
1044 2309 1124 2358 cibus.

400 2490 480 2550 How
500 2491 547 2548 the
569 2491 670 2566 Belpoe
691 2492 741 2565 loy
762 2472 838 2566 slepe
859 2499 888 2550 to
909 2509 930 2550 o
950 2498 1034 2551 town.

258 2622 293 2685 6.
322 2621 373 2680 Ab
393 2620 441 2679 his
459 2619 571 2679 castris
592 2619 742 2696 oppidum
764 2621 933 2680 Remorum
954 2621 1080 2682 nomine
1100 2607 1219 2684 Bibrax

218 2719 325 2776 aberat
339 2716 426 2775 milia
440 2733 589 2792 passuum
603 2720 681 2773 octo.
725 2716 764 2774 ld
781 2735 820 2775 ex
838 2717 950 2777 itinere
969 2727 1081 2796 magno
1099 2719 1219 2798 impetu

218 2813 333 2889 Belgae
347 2818 527 2888 opprignore
542 2815 720 2887 coeporunt.
763 2811 865 2887 Aegre
883 2831 919 2872 eo
939 2813 989 2873 die
1007 2821 1219 2876 sustentatum

218 2915 275 2969 est.
319 2909 480 2970 Gallorum
508 2907 615 2966 eadem
643 2912 738 2984 atque
762 2907 930 2983 Belgarum
955 2911 1146 2987 oppognotio
1171 2919 1219 2972 est

182 3023 196 3070 s
218 3006 303 3066 haec.
319 3029 329 3056 ι
346 3004 555 3066 circumiecta
568 3004 770 3064 multitridine
785 3003 946 3064 hominum
961 3006 1039 3064 totis
1057 3007 1218 3066 moenibus

218 3103 356 3181 undique
372 3102 405 3161 in
419 3109 540 3160 morum
555 3101 676 3180 lapides
692 3102 819 3163 iaciunt.
850 3101 916 3162 Ubi
930 3109 1035 3162 morus
1051 3102 1220 3162 dolonsori-

217 3202 276 3262 bus
290 3201 426 3260 nodatus
441 3206 498 3274 est,
512 3199 669 3259 testodine
684 3200 770 3260 facta
783 3206 889 3279 portas
901 3200 1072 3262 suooodunt
1086 3206 1220 3260 morum-

218 3317 278 3378 que
294 3299 456 3359 subruunt.
500 3297 588 3368 Quod
602 3302 670 3357 tum
686 3297 779 3359 facile
794 3299 899 3361 fiebat.
941 3299 1024 3360 Nam
1042 3317 1112 3360 cum
1129 3302 1219 3361 tanta
