2718 3706
178 149 198 208 6
498 140 657 204 cmsnn's
680 155 812 204 ummo
836 157 925 204 wan

227 326 331 387 editus
348 329 473 385 tantum
493 325 643 384 adversus
660 323 695 383 in
713 324 913 384 latitudinem
931 326 1059 403 patebat
1077 335 1237 406 quantum

227 423 288 483 loci
305 422 387 483 acies
402 425 554 481 instructa
571 429 721 498 occupare
740 427 871 500 poterat.
915 422 1021 502 Atque
1038 442 1078 484 ex
1096 431 1236 504 utraque

227 525 316 600 parte
329 519 438 580 lateris
453 519 592 578 deiectus
606 518 750 593 habebat,
767 524 798 578 et
815 519 850 577 in
863 519 1002 579 frontem
1016 521 1130 581 leniter
1144 524 1237 584 fasti-

179 645 207 677 10
228 623 320 694 gatus
334 616 487 696 perdatim
502 616 543 676 ad
556 615 721 694 planitiem
736 617 865 675 redibat.
908 616 959 676 Ab
978 622 1113 696 utroque
1132 620 1235 681 latere

227 715 294 775 eius
315 714 404 774 collis
424 719 636 773 transversam
656 712 774 772 fossam
788 713 924 772 obduxit
942 713 1067 774 circiter
1081 735 1235 793 passuum

228 812 527 890 quadringentorum
538 815 570 870 et
585 811 625 870 ad
639 815 793 870 extremas
806 811 907 870 fossas
920 812 1050 872 castella
1064 813 1236 874 constituit

228 910 333 988 ibique
355 913 512 969 tormenta
532 907 716 982 conlocavit,
737 926 776 967 ne
797 907 904 968 hostes
926 908 965 967 ab
985 909 1138 969 lateribus
1158 919 1237 987 pirg-

227 1012 340 1067 nantes
368 1025 440 1066 suos
469 1005 692 1066 circumvenire
721 1009 858 1083 possent.
904 1005 975 1065 Hoc
999 1006 1085 1066 facto
1110 1007 1234 1067 duabus

180 1122 206 1169 15
227 1103 403 1180 legionibus
418 1110 496 1180 quas
511 1101 652 1180 proxime
672 1107 897 1179 conscripserat
915 1102 948 1160 in
970 1104 1081 1162 castris
1103 1104 1233 1179 relictis,

229 1201 365 1278 reliquas
378 1219 433 1260 sex
443 1199 583 1276 legiones
594 1218 650 1276 pro
662 1199 773 1258 castris
785 1199 818 1257 in
829 1199 894 1260 acie
906 1201 1081 1260 constituit.
1113 1201 1233 1260 Hostes

229 1298 304 1357 item
321 1315 392 1356 suas
407 1297 513 1374 copias
528 1315 567 1356 ex
581 1296 692 1356 castris
708 1297 835 1356 eductas
850 1302 1070 1356 instruxerant.

270 1414 415 1462 eximius:
434 1413 569 1470 excellens,
584 1412 710 1474 &precius
770 1414 910 1462 idoneus:
930 1419 1016 1474 aptus,
1030 1414 1188 1464 commodus.

271 1497 382 1554 opinio,
391 1495 477 1556 sama.
771 1497 916 1552 deiectus,
930 1496 1072 1546 declivitas.

271 1579 457 1636 supersedeo,
471 1577 598 1627 abstineo.
772 1578 944 1637 fastigatus,
958 1579 1077 1629 adclivis.

271 1661 441 1719 periclitor:
461 1665 539 1720 tecto,
554 1661 680 1722 experior.
775 1663 907 1720 conloco,
916 1661 999 1722 poco.

271 1808 394 1884 Fiaallp
415 1809 462 1866 tte
483 1825 586 1883 enemy
606 1807 694 1866 moise
716 1825 736 1866 u
757 1808 834 1866 dost
855 1815 883 1866 to
904 1825 984 1866 crore
1005 1809 1051 1866 the
1072 1808 1191 1869 Acrona.

285 1894 288 1914 t

272 1921 308 1989 9.
339 1921 436 1982 Palus
451 1927 519 1982 erat
532 1929 597 1982 non
611 1929 724 1999 magna
737 1921 821 1981 inter
832 1926 974 1981 nostrum
988 1925 1083 1998 atque
1094 1921 1233 1982 hostium

231 2007 412 2080 exercitum.
455 2021 547 2080 Hanc
571 2019 599 2079 si
624 2019 725 2080 nostri
749 2023 921 2078 transirent
945 2018 1051 2078 hostes
1077 2024 1235 2096 exspecta-

232 2119 316 2178 bant.
367 2117 500 2177 Interim
528 2116 647 2195 proelio
676 2115 814 2194 equestri
842 2115 926 2174 inter
950 2116 1027 2175 duas
1055 2115 1138 2176 acies
1166 2135 1234 2176 con-

232 2215 428 2275 tendebatur.
465 2213 531 2273 Ubi
545 2213 650 2272 neutri
665 2212 873 2272 transeundae
888 2211 954 2271 eius
970 2213 1092 2290 paludis
1107 2213 1234 2272 initium

197 2326 210 2373 5
233 2311 363 2386 faciunt,
383 2309 565 2370 secundiore
587 2308 728 2385 equitum
750 2307 868 2384 proelio
889 2309 1005 2369 nostris
1028 2310 1142 2370 Caesar
1161 2329 1233 2370 suos

233 2409 266 2467 in
280 2414 383 2468 castra
396 2405 530 2466 reduxit.
573 2406 692 2464 Hostes
708 2404 851 2482 protinus
866 2424 905 2464 ex
920 2424 956 2466 eo
969 2407 1038 2467 loco
1059 2408 1099 2466 ad
1119 2407 1234 2466 flumen

233 2506 377 2564 Axonam
408 2503 643 2575 contenderunt,
676 2501 760 2578 quod
793 2521 860 2562 esse
891 2508 962 2580 post
993 2510 1102 2563 nostra
1133 2509 1235 2563 castra

233 2602 481 2661 demonstratum
501 2603 557 2658 est.
600 2599 727 2656 Partem
747 2605 872 2657 suarum
894 2600 1053 2677 copiarum
1073 2601 1234 2661 traducere

233 2697 338 2757 conati
358 2702 440 2772 sunt,
453 2701 489 2754 ut
504 2692 667 2772 castellum
682 2692 732 2751 cui
747 2701 889 2770 praeerat
904 2697 937 2766 Q.
955 2697 1097 2756 Titurius
1112 2699 1233 2774 legatus

185 2823 212 2854 10
233 2797 448 2870 expugnarent
467 2795 658 2868 pontemque
677 2788 956 2867 interscinderent3
979 2793 1129 2854 siminus
1149 2801 1235 2872 potu-

234 2890 342 2964 issent,
368 2892 404 2947 ut
432 2905 521 2964 agros
550 2887 719 2945 Remorum
747 2884 972 2962 popularentur
1000 2897 1233 2966 commeatuque

234 2992 358 3046 nostros
372 2985 582 3064 prohiberent.

276 3108 408 3165 inimum,
418 3105 589 3167 principium.
785 3103 943 3163 contendo,
957 3101 1072 3162 tacituro,
1086 3100 1109 3152 7.

276 3191 432 3248 secundus,
442 3189 592 3249 prosperus.
784 3199 932 3246 praesum,
942 3186 1093 3248 praefectus
1103 3199 1171 3246 sam,
1184 3183 1208 3236 6.

276 3274 432 3334 protinus:
451 3272 550 3330 statim,
565 3271 698 3332 extemplo
787 3270 978 3328 intereundo,
991 3269 1126 3332 abrumpo.

342 3359 453 3421 repente,
467 3352 562 3404 subito.
787 3357 979 3414 commeatus,
992 3352 1072 3416 citus,
1087 3352 1110 3405 5.
