2718 3706
164 101 205 162 36
529 115 559 160 c.
584 114 661 160 rum
684 110 862 160 causatus

213 286 316 341 castra
340 281 498 358 compleri,
521 279 659 356 legiones
683 279 782 357 premi
807 284 839 338 et
864 285 963 356 paene
986 278 1220 338 circumventas

212 378 323 452 teneri,
349 378 482 450 calones,
509 376 639 455 equites,
667 376 854 452 funditores,
881 375 1047 451 Numidas,
1073 374 1220 436 diversos

213 475 445 552 dissipatosque
466 474 499 532 iu
521 492 628 533 omnes
648 480 753 552 partes
769 474 879 550 fugere
895 473 1057 547 vidissent,
1073 473 1221 548 despera·

213 571 255 630 tis
271 571 387 630 nostris
409 572 501 631 rebus
523 571 650 630 domum
665 570 911 645 contenderunt;
934 570 1091 628 Romanos
1107 569 1218 646 pulsos

178 695 188 742 5
213 673 446 746 superatosque,
462 668 574 728 castris
596 667 892 745 impedimentisque
914 685 1019 726 eorum
1037 666 1144 725 hostes
1165 686 1219 743 po

213 767 290 825 titos
305 765 428 825 civitati
442 765 710 825 renuntiaverunt.

255 863 311 929 25.
340 863 454 923 Caesar
475 863 513 922 ab
534 861 671 922 decimae
692 861 824 938 legionis
846 862 1060 921 cohortatione
1081 861 1121 920 ad
1143 861 1219 919 dex·

213 968 295 1019 trum
311 978 406 1020 cornu
421 959 590 1037 profectus
605 959 659 1019 ubi
675 977 747 1018 suos
762 959 867 1035 urgeri
882 958 1043 1035 signisque
1064 957 1097 1015 in
1115 976 1217 1016 unum

213 1058 314 1122 locum
329 1057 462 1116 conlatis
477 1056 677 1116 duodecimae
692 1055 824 1132 legionis
840 1056 998 1116 confertos
1013 1054 1130 1113 milites
1152 1053 1217 1112 sibi

165 1178 191 1208 ιο
213 1153 314 1232 ipsos
333 1155 373 1213 ad
407 1173 543 1232 pugnam
579 1171 647 1212 esse
682 1153 907 1230 impedimento
941 1151 1217 1228 vidit—quartae

213 1251 349 1311 cohortis
371 1251 515 1310 omnibus
538 1249 773 1310 centurionibus
795 1249 905 1310 occisis
931 1249 1145 1325 signiferoque
1171 1247 1218 1305 in-

212 1348 354 1422 terfecto,
381 1347 469 1423 signo
498 1347 621 1422 amisso,
649 1347 839 1424 reliquarum
868 1345 1043 1407 cohortium
1069 1345 1216 1405 omnibus

213 1446 279 1504 fere
300 1443 535 1504 centurionibus
557 1451 612 1504 aut
633 1443 806 1504 vulneratis
827 1449 882 1504 aut
903 1443 1022 1518 occisis,
1038 1443 1072 1500 in
1088 1442 1138 1501 his
1154 1443 1219 1520 pri-

213 1541 323 1618 mipilo
344 1542 379 1600 P.
403 1541 511 1602 Sextio
535 1542 662 1618 Baculo,
686 1541 859 1602 fortissimo
880 1541 957 1616 viro,
980 1539 1089 1598 multis
1114 1539 1218 1615 gravi-

165 1656 189 1704 15
213 1639 333 1716 busque
360 1638 543 1699 vulneribus
570 1639 714 1699 confecto
744 1644 780 1698 ut
807 1639 870 1698 iam
901 1657 934 1698 se
965 1637 1119 1698 sustinere
1150 1656 1217 1696 non

213 1741 328 1814 posset,
349 1736 487 1814 reliquos
510 1755 579 1796 esse
598 1735 759 1812 tardiores
780 1740 812 1796 et
834 1735 1002 1794 nonnullos
1022 1735 1061 1794 ab
1083 1733 1218 1793 novissi-

213 1833 273 1893 mis
288 1833 411 1894 deserto
426 1833 545 1912 proelio
566 1833 713 1893 excedere
734 1852 770 1894 ao
787 1833 852 1892 tela
866 1833 975 1906 vitare,
991 1831 1097 1891 hostes
1112 1849 1216 1908 neque

213 1950 232 1991 a
254 1931 358 1991 fronte
380 1951 419 1991 ex
440 1931 589 1991 inferiore
609 1931 678 1991 loco
699 1932 867 1992 subeuntes
889 1929 1099 1990 intermittere
1121 1933 1153 1988 et
1175 1929 1216 1988 ab

212 2036 346 2108 utroque
374 2031 472 2090 latere
501 2030 628 2106 instare,
654 2036 685 2090 et
714 2049 777 2090 rem
806 2050 874 2091 csse
902 2031 936 2090 in
963 2035 1096 2106 angusto
1121 2029 1215 2104 vidit,

163 2155 191 2187 20
213 2145 313 2204 neque
343 2127 444 2186 ullum
475 2145 543 2186 esse
571 2127 746 2186 subsidium
774 2129 858 2206 quod
886 2127 1030 2188 submitti
1057 2131 1217 2204 posset-

140 2266 141 2270 ,
214 2229 303 2284 scuto
318 2224 356 2283 ab
371 2223 550 2283 novissimis
565 2223 620 2282 uni
635 2224 732 2283 militi
747 2225 896 2299 detractu
913 2225 996 2302 quod
1010 2224 1077 2302 ipse
1091 2242 1127 2282 eo
1146 2222 1215 2283 sine

214 2327 302 2382 scuto
330 2327 468 2396 venerat,
498 2320 530 2379 in
556 2321 692 2398 *primam
720 2323 818 2382 aciem
845 2322 998 2400 processit
1027 2320 1217 2381 centurioni-

213 2421 333 2497 busque
351 2418 537 2478 nominatim
557 2419 724 2496 appellatis
742 2419 879 2497 reliquos
898 2419 1078 2480 cohortatus
1097 2417 1215 2478 milites

213 2517 304 2593 signa
331 2517 447 2576 inferre
476 2522 508 2576 et
536 2515 712 2594 manipulos
740 2517 847 2577 laxare
875 2516 977 2591 iussit,
1002 2535 1064 2593 quo
1089 2514 1215 2575 facilius

164 2637 189 2682 25
214 2613 326 2688 gladiis
347 2613 396 2671 uti
416 2619 552 2690 possent.
597 2613 693 2674 Cuius
709 2614 847 2674 adventu
868 2633 922 2692 spe
944 2614 1044 2674 inlata
1058 2613 1215 2673 militibus

214 2727 249 2768 ac
264 2708 475 2784 redintegrato
490 2711 602 2786 anim0,
619 2731 689 2770 oum
711 2731 767 2788 pro
789 2731 822 2771 se
845 2712 977 2790 quisque
995 2711 1028 2770 in
1046 2717 1216 2788 conspectu

214 2804 412 2882 imperatoris
434 2805 529 2865 etiam
550 2807 583 2865 in
605 2808 753 2868 extremis
772 2809 837 2868 suis
852 2810 943 2869 rebus
959 2827 1085 2886 operam
1099 2826 1217 2868 navare

214 2899 349 2978 cuperet,
366 2901 494 2979 paulum
508 2903 646 2963 hostium
662 2905 798 2983 impetus
813 2907 955 2966 tardatus
971 2912 1027 2966 est.

257 2998 313 3063 26.
343 2999 547 3058 Caesareum
569 3001 735 3078 septimam
756 3002 919 3078 legionem,
935 3022 1015 3081 quae
1037 3002 1126 3062 iuxta
1148 3021 1218 3062 con-

165 3118 193 3163 30
216 3095 350 3168 stiterat,
366 3094 443 3151 item
465 3095 568 3169 urgeri
590 3097 629 3156 ab
649 3097 740 3156 hoste
757 3099 896 3173 vidisset,
912 3101 1055 3159 tribunos
1078 3099 1217 3157 militum

216 3191 338 3251 monuit
358 3195 396 3247 ut
417 3189 569 3264 paulatim
592 3208 658 3250 sese
680 3193 818 3268 legiones
841 3195 1065 3270 coniungerent
1090 3201 1121 3252 et
1147 3214 1219 3254 con-

217 3307 306 3349 versa
328 3285 418 3365 signa
441 3281 474 3340 in
498 3281 604 3346 hostes
629 3285 791 3346 inferrent.
835 3289 901 3359 Quo
926 3290 1018 3362 lactc,
1041 3309 1111 3348 cum
1134 3290 1218 3352 alius
