2718 3706
580 183 679 246 Boon
701 200 740 244 11.

217 403 276 460 The
298 403 449 460 Bellouaci
470 404 534 460 also
556 404 665 460 submit
687 410 719 460 at
740 400 870 462 Oaesar's
891 402 1051 477 approach.

29 589 33 598 ,
173 521 225 588 13.
255 523 369 584 Caesar
391 523 551 584 obsidibus
577 523 713 601 acceptis
740 529 895 601 armisque
923 523 1065 583 omnibus
1093 541 1133 582 ex

25 617 33 628 “’
132 620 246 697 oppido
271 620 398 680 traditis
423 621 456 680 in
481 620 672 680 deditionem
698 621 881 680 Suessiones
906 621 1025 699 sucepit
1050 639 1134 680 exer-

13 705 15 712 *
132 717 291 795 citumque
305 717 339 775 in
352 718 535 777 Bellovacos
550 717 649 777 duxit.
688 717 748 789 Qui
763 737 834 777 eum
848 736 881 777 se
896 737 1015 795 suaque
1029 718 1134 777 omnia

132 814 165 872 in
193 814 343 892 oppidum
371 814 631 892 Bratuspantium
660 815 877 890 eontulissent,
908 821 1001 892 atque
1030 816 1069 874 ab
1097 833 1133 874 eo

132 912 246 990 oppido
266 913 380 972 Caesar
398 932 468 972 eum
486 912 626 972 exercitu
645 913 769 972 circiter
784 913 871 973 milia
884 931 1034 991 passuum
1047 918 1135 991 quin·
1156 925 1170 971 5

132 1027 190 1090 que
205 1010 337 1084 abesset,
349 1028 456 1069 omnes
471 1009 604 1070 maiores
620 1015 697 1070 nutu
711 1029 751 1070 ex
762 1011 877 1088 oppido
891 1010 1008 1088 egressi
1023 1029 1133 1070 manus

132 1107 171 1165 ad
186 1107 348 1167 Caesarem
362 1107 490 1166 tendere
505 1112 537 1166 et
552 1115 626 1168 voce
641 1108 817 1184 significare
832 1113 1001 1186 coeperunt
1018 1114 1085 1168 sese
1100 1107 1134 1166 in

19 1227 49 1274 ¹,
132 1205 198 1264 eius
215 1205 310 1265 fidem
325 1213 360 1265 ae
375 1211 563 1284 potestatem
580 1211 692 1266 venire.
736 1207 827 1280 Item,
843 1225 915 1266 cum
929 1205 969 1264 ad
983 1204 1134 1283 oppidum

131 1303 321 1378 accessisset,
343 1303 433 1380 pueri
455 1303 663 1381 mulieresque
685 1323 723 1362 ex
747 1311 836 1363 muro
861 1302 961 1381 passis
989 1302 1133 1362 manibus

131 1417 188 1459 suo
203 1407 287 1460 mere
303 1408 411 1479 pacem
425 1401 465 1461 ab
479 1401 630 1461 Romanis
645 1401 813 1479 petierunt.
1158 1421 1185 1454 10

230 1518 336 1565 trudo:
356 1517 398 1576 do,
412 1517 485 1566 dedo.
783 1517 876 1576 pueri,
890 1516 976 1566 liberi.

231 1612 279 1647 me
290 1601 427 1649 censere:
447 1613 487 1648 ma
498 1599 605 1662 recipio,
618 1613 657 1649 eo.
781 1601 892 1660 pando,
906 1599 991 1648 tendo.

231 1682 376 1741 egredior,
390 1693 459 1730 exeo.
782 1685 857 1741 meis,
870 1681 1039 1732 edesuetddo.

231 1763 323 1820 coepi,
338 1762 431 1823 incepi.
782 1769 861 1824 peto,
876 1761 941 1814 tro(

243 1932 414 1990 Divilineus
428 1929 538 2004 plaucis
558 1931 706 2004 earnestly
720 1931 776 2004 sor
796 1931 843 1989 the
863 1931 1023 1990 Bellouaci.

172 2051 226 2118 14.
255 2054 317 2113 Pro
336 2052 386 2112 his
408 2050 586 2112 Divitiaeus
609 2051 686 2111 facit
707 2051 818 2111 verba:
842 2057 860 2088 “
868 2052 1028 2114 Bellovaci
1049 2055 1135 2114 omui

131 2157 270 2230 tempore
289 2150 322 2210 in
338 2149 400 2210 fide
419 2155 514 2228 atque
534 2148 673 2209 amicitia
692 2148 830 2210 civitatis
845 2149 974 2210 Aeduae
988 2151 1133 2212 fuerunt:

131 2249 260 2326 impulsi
281 2268 299 2308 a
320 2247 385 2309 suis
407 2247 609 2326 principibus,
636 2247 690 2324 qui
712 2248 856 2308 dicebant
876 2248 1004 2308 Aeduos
1027 2267 1134 2309 omnes

131 2347 335 2424 indignitates
357 2346 625 2424 eontumelifisque
647 2345 795 2424 perferre,
815 2346 855 2406 ab
875 2345 995 2406 Aeduis
1017 2346 1135 2406 defece

131 2450 205 2504 runt
223 2450 256 2504 et
275 2444 390 2522 populo
409 2445 551 2505 Bdmano
571 2443 688 2504 bellum
709 2443 894 2503 intulerunt.
938 2443 970 2501 Ii
991 2443 1046 2520 qui
1067 2444 1133 2504 eius
1156 2467 1170 2512 5

130 2541 242 2602 edusili
273 2541 428 2619 prinsipes
459 2542 589 2601 fuerunt
619 2541 654 2600 in
689 2540 887 2601 Britanniam
919 2540 1132 2618 profugerunt.

130 2641 249 2700 Petunt
264 2647 326 2699 m'm
340 2639 442 2698 sulum
456 2638 617 2699 Bellovaci
632 2640 687 2698 sed
705 2639 800 2698 etiam
822 2658 880 2716 pro
901 2638 949 2698 his
971 2638 1075 2698 Aedui
1096 2645 1133 2700 ut

130 2741 185 2796 tua
206 2736 428 2796 clementiano
449 2736 689 2796 mansuetudine
713 2736 747 2794 in
768 2754 820 2796 eos
845 2735 951 2795 utaris.
995 2735 1083 2806 Quod
1104 2737 1133 2798 si

130 2834 250 2907 feceris,
267 2833 445 2893 Aeduorum
463 2833 683 2892 auctoritatem
703 2833 787 2911 apud
807 2851 915 2892 omnes
936 2833 1050 2910 Belgas
1072 2854 1133 2894 am-

130 2931 292 3008 plifieabis
318 2938 450 3008 qudi-um
478 2929 605 2990 auxiliis
633 2934 729 3008 atque
757 2930 877 3008 opibus
904 2930 932 2990 si
960 2951 1023 3009 qua
1050 2932 1133 2992 bella
1157 2953 1183 2985 10

129 3028 282 3104 incidunt,
299 3034 477 3088 sustentare
491 3028 711 3087 censuerunt.''

228 3149 366 3204 impello:
386 3146 477 3205 incito,
492 3144 597 3196 indutu.
730 3148 907 3205 aucteritas,
922 3146 1019 3207 arsitia.

227 3230 421 3286 contumelia,
434 3228 545 3278 iniuria.
730 3230 892 3287 amplifico,
907 3243 1000 3290 auueo.

227 3313 351 3360 denoto:
371 3311 468 3361 desero.
729 3315 874 3369 sustento,
888 3313 1013 3368 sustineo,
1025 3309 1049 3360 6.

227 3396 439 3455 mansuetudo,
453 3394 555 3446 tenuas.
728 3397 900 3452 ofinsuesum
914 3395 994 3443 soleo.
