2718 3706
576 183 687 233 amns
709 183 748 232 11.
1152 167 1193 231 33

142 355 258 431 Belgae
286 354 326 414 ad
353 351 489 414 Nervios
516 351 703 412 detulerant.
752 352 836 411 Nam
864 352 948 428 quod
972 351 1011 411 ad
1035 351 1142 411 hostes

141 450 422 528 adpropinquabat,
448 448 673 509 consuetudine
703 467 761 508 sua
787 448 901 509 Caesar
925 466 981 507 sex
1005 448 1142 524 legiones

141 547 305 624 expeditas
317 546 465 622 ducebat;
488 551 559 623 post
574 563 625 605 eas
640 545 739 605 totins
751 544 907 604 exercitus
918 544 1144 622 impedimenta

141 643 334 720 conlocarat3
354 643 427 702 inde
442 643 521 702 duae
534 641 673 718 legiones
692 661 772 719 quae
788 641 930 719 proxime
947 641 1141 718 conscriptae

141 745 230 799 erant
244 745 347 799 totum
362 758 473 816 agmen
483 739 670 799 claudebant
681 738 898 816 praesidioque
909 737 1142 815 impedimentis
1166 770 1177 818 5

141 842 238 896 erant.
286 837 419 914 Equites
444 839 554 914 nostri,
575 858 645 898 eum
670 837 885 897 funditoribus
907 835 1142 913 sagittariisque

141 933 258 994 flumen
274 936 471 1013 transgressi,
487 956 558 997 cum
579 936 718 996 hostium
738 935 882 1013 equitatu
895 933 1050 1012 proelium
1063 952 1143 993 com-

141 1031 302 1092 miserunt.
345 1034 424 1094 Cum
445 1053 478 1094 se
500 1034 549 1092 illi
571 1033 743 1094 identidem
762 1033 796 1091 in
815 1033 912 1092 silvas
927 1032 966 1091 ad
981 1048 1053 1090 suos
1068 1030 1143 1091 reci-

141 1137 251 1209 perent
271 1151 307 1192 ac
328 1151 436 1192 rursus
458 1151 497 1192 ex
519 1132 600 1192 silva
621 1132 654 1191 in
676 1138 800 1192 nostros
819 1132 972 1209 impetum
992 1130 1139 1204 facerent,

142 1250 242 1309 neque
256 1232 356 1292 nostri
370 1231 495 1309 longius
518 1251 611 1310 quam
633 1250 726 1309 quem
747 1232 787 1291 ad
808 1231 902 1290 finem
916 1236 1061 1309 porrecta
1073 1230 1142 1289 loca
1166 1252 1191 1282 10

141 1334 250 1406 aperta
277 1329 476 1406 pertinebant
503 1329 649 1389 cedentes
678 1328 803 1406 insequi
827 1329 986 1403 auderent,
1013 1326 1140 1387 interim

139 1425 278 1502 legiones
294 1445 357 1502 sex,
374 1445 453 1504 quae
467 1426 586 1504 primae
600 1431 760 1501 venerant,
777 1445 869 1504 opere
884 1426 1025 1486 dimenso
1039 1430 1142 1485 castra

139 1522 262 1582 munire
277 1527 453 1600 coeperunt.
497 1523 562 1584 Ubi
582 1523 685 1602 prima
703 1523 929 1601 impedimenta
942 1522 1043 1583 nostri
1057 1541 1142 1582 exer-

140 1619 222 1695 citus
243 1619 283 1680 ab
303 1619 343 1680 iis
365 1619 420 1697 qui
440 1619 475 1679 in
496 1619 586 1680 silvis
608 1620 707 1680 abditi
722 1620 863 1680 latebant
876 1620 946 1680 visa
960 1626 1042 1695 sunt,
1058 1620 1141 1697 qnod

140 1722 264 1795 tempus
282 1716 432 1776 intereos
448 1717 666 1779 committendi
680 1717 780 1794 proeli
795 1723 991 1792 convenerat,
1006 1723 1043 1776 ut
1057 1717 1142 1776 intra
1165 1740 1189 1788 ις

140 1813 237 1874 silvas
265 1813 363 1874 aciem
391 1813 578 1891 ordinesque
606 1813 837 1873 constituerant
864 1819 959 1891 atque
986 1813 1049 1892 ipsi
1074 1833 1141 1874 sese

140 1910 407 1986 confirmaverant,
424 1911 529 1970 subito
544 1909 688 1970 omnibus
708 1909 806 1987 copiis
823 1911 1067 1988 provolaverunt
1088 1911 1142 1970 im·

140 2013 310 2086 petumque
329 2007 364 2067 in
382 2013 507 2067 nostros
522 2007 645 2085 equites
660 2007 812 2066 fecerunt.
855 2007 917 2067 His
932 2009 1025 2067 facile
1040 2009 1140 2086 pulsis

139 2121 175 2164 ac
196 2104 397 2182 proturbatis,
419 2103 597 2164 incredibili
617 2103 778 2164 eeleritate
800 2105 840 2164 ad
861 2103 977 2164 flumen
998 2105 1142 2164 decucur-

140 2207 257 2277 rerunt,
273 2207 308 2261 ut
323 2221 421 2280 paene
435 2221 498 2261 uno
512 2207 653 2280 tempore
675 2207 708 2262 et
728 2203 769 2262 ad
790 2201 886 2262 silvas
909 2207 941 2261 et
960 2201 1140 2261 influmine
1164 2227 1192 2258 20

140 2304 172 2358 et
200 2298 263 2357 iam
287 2298 321 2357 in
345 2299 488 2358 manibus
516 2298 633 2358 nostris
658 2299 766 2359 hostes
790 2299 980 2359 viderentur.
1023 2298 1142 2357 Eadem

140 2401 246 2456 autem
261 2395 422 2456 celeritate
436 2396 567 2456 adverso
582 2395 661 2456 colle
682 2397 723 2456 ad
742 2401 850 2456 nostra
863 2401 967 2456 castra
980 2401 1074 2473 atque
1089 2413 1141 2454 eos

140 2493 196 2572 qui
209 2493 244 2552 in
257 2512 349 2570 opere
364 2493 507 2570 occupati
521 2498 611 2552 erant
626 2494 863 2553 contenderunt.
901 2549 903 2552 .

182 2590 238 2656 20.
269 2589 394 2651 Caesari
415 2590 521 2650 omnia
540 2609 603 2650 uno
624 2595 764 2668 tempore
784 2594 874 2650 erant
888 2590 1024 2666 agenda:
1046 2589 1143 2649 vexil-

139 2689 204 2747 lum
227 2688 471 2766 proponendum,
488 2688 571 2765 qnod
593 2693 660 2747 erat
681 2687 804 2763 insigne
826 2706 897 2746 oum
916 2687 956 2746 ad
974 2706 1061 2746 arma
1074 2705 1142 2746 con·
1164 2704 1191 2752 25

139 2785 224 2845 cnrri
238 2790 405 2862 oporteret,
422 2784 547 2860 signnm
561 2785 639 2845 tuba
652 2785 797 2859 dandum,
813 2785 852 2844 ab
869 2802 961 2862 opere
976 2783 1142 2844 revocandi

139 2881 267 2956 milites,
284 2881 339 2959 qni
359 2881 453 2958 paulo
473 2881 598 2957 longius
620 2881 741 2958 aggeris
763 2881 890 2958 petendi
912 2899 1005 2941 causa
1023 2899 1142 2958 proces-

140 2984 246 3038 serant
271 2977 457 3050 arcessendi,
480 2977 561 3036 aoies
588 2978 781 3053 instruenda,
804 2978 921 3038 milites
947 2978 1140 3052 cohortandi,

140 3075 265 3152 signum
286 3075 432 3134 dandum.
477 3074 613 3143 Quarum
635 3093 739 3133 rernm
760 3095 906 3152 magnam
926 3081 1048 3153 partem
1067 3079 1143 3133 tern-

140 3172 226 3250 poris
255 3171 392 3231 brevitas
421 3176 453 3230 et
482 3189 642 3231 successus
670 3171 809 3231 hostium
838 3172 1036 3250 impediebat.
1079 3170 1141 3228 His
1165 3187 1192 3234 30

141 3267 380 3328 difficultatibus
403 3268 481 3328 duae
506 3287 555 3328 res
580 3274 669 3328 erant
695 3267 1026 3328 subsidio-scientia
1047 3272 1141 3342 atque

140 3385 217 3425 usus
238 3366 386 3440 militnm,
403 3366 487 3442 quod
504 3365 717 3444 superioribus
732 3365 861 3444 proeliis
876 3363 1049 3436 exercitati,
1066 3361 1142 3440 quid
