2718 3706
391 572 429 636 c.
457 573 556 638 ium
589 571 816 637 clusuris

288 741 368 822 Du
414 740 608 823 BELLO
658 741 923 824 GALLIOO

429 987 548 1036 LIBER
573 987 787 1037 SECUNDUS.

435 1143 499 1190 ΒΩ.
517 1143 571 1195 57;
594 1144 698 1190 A.U.c.
715 1143 784 1191 69⁷.

286 1335 359 1384 THE
382 1334 543 1383 BELGIAN
566 1334 712 1383 LEAGUE
736 1335 942 1386 DEFEATED.

154 1507 184 1573 l.
214 1509 293 1569 Cum
307 1514 390 1568 esset
405 1508 519 1568 Caesar
532 1508 566 1566 in
580 1508 725 1568 citeriore
740 1509 845 1570 Gallia
858 1508 891 1567 in
906 1508 1055 1583 hibernis,
1068 1509 1115 1567 ita

112 1607 161 1665 uti
177 1625 272 1684 supra
286 1605 577 1679 demonstravimus
590 1605 691 1665 crebri
705 1606 744 1665 ad
759 1625 830 1665 eum
844 1625 984 1665 rumores
996 1605 1114 1665 adfere-

113 1703 236 1778 bantur,
252 1702 431 1779 litterisque
446 1701 523 1760 item
537 1702 667 1761 Labieni
682 1703 796 1762 certior
810 1703 905 1762 fiebat
923 1721 1029 1762 omnes
1045 1702 1114 1761 Bel-

114 1819 177 1877 gaS,
194 1819 286 1878 quam
301 1799 428 1858 tertiam
444 1817 512 1858 esse
528 1799 650 1858 Galliae
668 1805 788 1876 partem
803 1799 989 1874 dixeramus,
1006 1805 1114 1859 contra

113 1897 264 1976 populum
285 1897 462 1955 Romanum
480 1894 642 1955 coniurare
663 1896 849 1973 obsidesque
870 1895 953 1956 inter
974 1915 1007 1956 se
1029 1897 1111 1956 dare.
1138 1923 1149 1972 5

113 1993 304 2055 Coniurandi
319 1993 375 2052 has
391 2011 459 2052 esse
477 2011 599 2052 causas:
622 1992 757 2071 primum
777 1993 860 2070 quod
874 2000 1057 2053 vererentur
1073 2013 1113 2052 ne

113 2090 197 2150 omni
217 2096 328 2168 pacata
345 2090 450 2151 Gallia
466 2090 506 2149 ad
525 2109 577 2148 eos
597 2089 752 2149 exercitus
767 2096 875 2149 noster
889 2091 1112 2167 adduceretur;

113 2188 225 2246 deinde
240 2188 323 2265 quod
338 2188 376 2246 ab
391 2187 551 2245 nonnullis
568 2186 669 2246 Gallis
684 2187 938 2262 sollicitarentur,
948 2187 1113 2264 -partim

113 2285 176 2362 qui,
202 2290 238 2343 ut
264 2286 435 2345 Germanos
460 2283 580 2343 diutius
605 2283 639 2342 in
665 2283 770 2344 Gallia
793 2284 912 2343 versari
936 2284 1111 2359 noluerant,

112 2382 158 2441 ita
181 2381 291 2459 populi
315 2380 450 2440 Romani
475 2381 645 2440 exercitum
674 2380 812 2440 hiemare
837 2387 932 2458 atque
960 2380 1112 2440 invetera-
1135 2408 1163 2440 10

113 2497 197 2538 scere
218 2477 252 2537 in
274 2478 379 2539 Gallia
400 2478 532 2537 moleste
553 2477 714 2554 ferebant5
738 2478 853 2555 partim
868 2477 923 2554 qui
937 2477 1112 2536 mobilitate

112 2581 143 2634 et
160 2575 290 2634 levitate
305 2575 403 2634 animi
419 2575 509 2633 novis
527 2573 668 2651 imperiis
686 2575 872 2649 studebant3
895 2573 935 2633 ab
951 2574 1112 2634 nonnullis

112 2672 215 2748 etiam,
239 2672 324 2749 quod
344 2671 377 2729 in
399 2671 505 2732 Gallia
525 2690 544 2730 a
564 2671 793 2749 potentioribus
816 2677 910 2748 atque
933 2670 972 2730 iis
996 2671 1050 2748 qui
1073 2673 1112 2732 ad

111 2769 326 2828 conducendos
352 2767 494 2827 homines
520 2767 688 2826 facultates
710 2766 875 2842 habebant,
898 2768 993 2845 vulgo
1017 2788 1113 2846 regna

111 2866 350 2943 occupabantur,
366 2851 421 2942 qui
438 2863 541 2923 minus
561 2863 654 2924 facile
674 2883 742 2922 eam
761 2883 827 2922 rem
848 2863 981 2942 imperio
1002 2873 1110 2926 nostro
1139 2898 1164 2942 15

111 2962 259 3040 consequi
273 2967 429 3040 poterant.
871 2976 873 2980 '

152 3059 185 3125 2.
214 3060 275 3119 His
295 3059 416 3118 nuntiis
434 3058 614 3136 litterisque
629 3065 800 3120 commotus
816 3061 930 3122 Caesar
945 3061 1021 3121 duas
1039 3061 1113 3138 legi-

110 3176 184 3216 ones
199 3157 232 3214 in
247 3156 392 3216 citeriore
408 3155 513 3216 Gallia
527 3175 624 3216 noves
640 3157 834 3234 conscripsit,
851 3163 882 3216 et
897 3157 979 3216 inita
992 3163 1112 3217 aestate

111 3253 142 3311 in
157 3253 339 3312 interiorem
359 3251 495 3312 Galliam
514 3252 568 3329 qui
587 3253 754 3312 deduceret
771 3254 804 3323 Q.
820 3254 954 3313 Pedium
973 3255 1111 3330 legatum

111 3339 222 3409 misit.¹
252 3350 334 3427 Ipse,
357 3369 426 3408 cum
450 3347 585 3424 primum
609 3349 717 3427 pabuli
739 3350 829 3428 copia
853 3370 922 3410 esse
946 3351 1107 3427 inciperet,
1134 3380 1162 3411 ιο

974 3471 1003 3515 23
