2718 3706
564 161 672 208 menn
695 162 731 209 11.
1137 147 1178 213 37

124 326 178 386 alii
195 325 369 386 subsidium
384 327 490 402 ferret,
507 345 607 404 neque
622 327 772 387 timerent
794 347 831 388 ne
854 330 954 388 aversi
977 330 1015 389 ab
1036 329 1126 389 hoste

124 423 432 498 circumvenirentur,
454 423 602 484 audacius
625 425 772 485 resistere
793 444 828 486 ao
850 426 966 486 fortius
988 446 1126 504 pugnare

124 525 301 596 coeperunt.
344 520 477 579 Interim
500 520 617 580 milites
641 521 799 598 legionum
825 523 965 598 duarum,
989 543 1067 602 quae
1091 525 1125 584 in

124 616 295 676 novissimo
306 616 430 693 agmine
441 617 597 694 praesidio
609 617 842 696 impedimentis
858 621 993 696 fuerant,
1007 623 1125 700 proelio

123 713 269 772 nuntiato
290 732 382 773 eursu
404 713 537 773 incitato
558 713 592 772 in
613 733 734 774 summo
752 717 830 776 colle
845 718 885 776 ab
898 717 1042 779 hostibus
1058 739 1126 780 oon·
1150 746 1160 794 ς

123 809 352 886 spiciebantur3
375 817 407 870 et
426 812 460 869 Τ.
478 811 634 871 Labienus
657 813 768 873 castris
790 813 929 874 hostium
950 817 1070 893 potitus
1093 825 1124 878 et

123 926 162 965 ex
183 907 250 966 loco
272 908 431 985 superiore
453 927 533 985 quae
554 927 603 968 res
626 909 659 967 in
680 911 795 970 nostris
814 911 925 971 castris
941 921 1124 990 gererentur

121 1004 319 1081 conspicatus
349 1005 501 1065 decimam
529 1005 683 1082 legionem
713 1007 853 1067 subsidio
881 1011 997 1070 nostris
1026 1013 1121 1072 misit.

123 1101 182 1170 Qui
204 1119 273 1160 oum
296 1121 334 1161 ex
356 1102 497 1180 equiturn
522 1108 555 1162 et
575 1092 824 1182 calonum‘fuga,
848 1125 909 1183 quo
930 1107 963 1166 in
984 1109 1052 1168 loco
1074 1130 1122 1170 res

122 1203 216 1271 esset,
243 1204 421 1276 quantoque
450 1199 484 1258 in
512 1200 651 1278 periculo
680 1207 712 1261 et
739 1209 842 1262 eastra
869 1209 901 1262 et
927 1205 1065 1281 legiones
1091 1214 1123 1267 et
1148 1230 1173 1260 ιο

122 1294 292 1372 imperator
314 1302 499 1372 versaretur,
516 1298 744 1375 cognovissent,
766 1300 846 1358 nihil
868 1301 908 1360 ad
929 1303 1122 1364 celeritatem

121 1391 182 1451 sibi
199 1391 312 1470 reliqui
327 1393 478 1454 iecerunt.

162 1489 217 1553 27.
246 1491 368 1550 Horum
384 1492 521 1552 adventu
535 1498 626 1552 tanta
639 1512 742 1553 rerum
758 1496 959 1555 commutatio
974 1503 1022 1557 est
1036 1499 1122 1559 facta

120 1591 157 1646 ut
181 1587 290 1662 nostri,
313 1588 408 1647 etiam
430 1590 484 1666 qui
506 1590 688 1650 vulneribus
714 1592 849 1651 confecti
871 1595 1118 1672 procubuissent,

120 1683 218 1743 scutis
240 1683 342 1742 innixi
363 1685 514 1763 proelium
537 1687 802 1764 redintegrarent3
824 1695 892 1747 turn
910 1691 1033 1751 calones
1055 1713 1120 1770 per·
1145 1718 1168 1765 ις

119 1780 247 1840 territos
272 1781 379 1842 hostes
401 1783 574 1860 conspicati
595 1785 690 1842 etiam
712 1785 846 1844 inermes
868 1788 997 1847 armatis
1018 1808 1120 1848 occur·

119 1887 244 1956 rerent;
280 1880 402 1958 equites
433 1899 517 1955 vere,
549 1887 585 1939 ut
616 1881 844 1958 turpitudinem
877 1883 969 1958 fugae
1000 1885 1119 1946 virtute

119 1979 269 2051 delerent,
292 1979 434 2048 omnibus
456 1978 490 2037 in
514 1978 591 2038 locis
613 1998 735 2056 pugnae
757 1997 790 2038 se
810 1980 990 2055 legionariis
1014 1981 1119 2040 militi-

119 2075 176 2133 bus
191 2075 394 2150 praeferreni.
437 2075 606 2134 Athostes
624 2075 719 2134 etiam
734 2075 767 2132 in
782 2081 922 2136 extrema
936 2096 991 2154 spe
1007 2077 1118 2136 salutis

118 2176 239 2229 tantam
272 2172 421 2231 virtutem
454 2173 680 2249 praestiterunt
710 2178 755 2246 ut,
785 2192 853 2232 oum
887 2173 982 2250 primi
1013 2193 1119 2232 eorum
1141 2204 1169 2234 20

119 2267 315 2341 cecidissent,
351 2268 487 2345 proximi
526 2269 699 2328 iacentibus
734 2269 917 2328 insisterent
951 2276 1045 2346 atque
1080 2289 1119 2328 ex

118 2382 226 2422 eorum
256 2364 437 2441 corporibus
468 2370 662 2442 pugnarent,
698 2364 748 2424 his
779 2365 908 2424 deiectis
939 2372 972 2424 et
1002 2385 1117 2426 coacer-

118 2458 202 2518 vatis
217 2459 427 2533 cadaveribus,
445 2459 498 2537 qui
519 2463 719 2536 superessent
739 2464 776 2518 ut
797 2477 834 2517 ex
857 2460 979 2519 tumulo
1000 2462 1065 2520 tela
1086 2462 1119 2522 in

118 2561 242 2615 nostros
257 2556 434 2616 conicerent
448 2563 481 2616 et
495 2557 561 2634 pila
575 2556 751 2635 intercepta
765 2555 979 2615 remitterent:
1002 2563 1037 2616 ut
1056 2578 1119 2618 non

117 2653 308 2731 nequiquam
324 2659 430 2713 tantae
442 2653 571 2712 virtutis
586 2651 727 2711 homines
743 2651 874 2711 iudicari
886 2653 1013 2713 deberet
1027 2673 1117 2716 ausos
1141 2681 1167 2728 ²5

117 2769 185 2809 esse
214 2749 347 2809 transire
375 2751 566 2810 latissimum
599 2749 723 2823 flumen,
753 2749 919 2809 ascendere
947 2751 1117 2813 altissimas

117 2847 211 2924 ripae,
231 2847 334 2906 subire
356 2847 588 2924 iniquissimum
611 2846 731 2921 looum3
754 2865 833 2923 quae
856 2847 962 2907 facilia
983 2868 1021 2908 ex
1042 2850 1118 2910 diffl-

116 2944 244 3002 oillimis
261 2945 357 3003 animi
373 2943 555 3020 magnitudo
572 2943 740 3018 redegerat.

159 3040 215 3105 28.
247 3043 314 3100 Hoc
327 3041 444 3118 proelio
459 3041 544 3100 facto
559 3046 591 3100 et
607 3059 702 3118 prope
717 3042 755 3100 ad
771 3041 1013 3104 internecionem
1026 3051 1117 3122 gente

116 3158 151 3198 ac
177 3138 301 3197 nomine
327 3138 515 3197 Nerviorum
541 3138 665 3198 redacto
691 3139 821 3220 maiores
845 3146 929 3215 natu,
954 3160 1032 3218 quos
1056 3161 1118 3200 una
1140 3165 1166 3208 30

116 3255 187 3295 oum
202 3235 306 3312 pueris
322 3235 567 3312 mulieribusque
585 3235 617 3292 in
635 3236 790 3295 aestuaria
807 3255 841 3295 ao
857 3238 986 3314 paludes
1002 3237 1116 3296 coniec-

116 3339 165 3391 tos
185 3333 372 3410 dixeramus,
402 3333 459 3391 hac
475 3351 578 3408 pugna
594 3331 746 3405 nuntiata,
762 3351 832 3392 cum
846 3333 1019 3392 'victoribus
1035 3331 1115 3390 nihil
