2718 3706
183 127 224 190 38
546 144 576 191 c.
602 146 679 192 mur
701 145 877 192 cunsums

232 309 427 387 impeditum,
443 311 536 370 victis
552 311 633 370 nihil
648 317 753 371 tutum
768 311 1005 386 arbitrarentur,
1021 309 1160 369 omnium
1179 307 1237 386 qui

233 413 415 483 supererant
429 427 583 468 consensu
597 408 717 484 legatos
733 408 773 468 ad
787 409 953 469 Caesarem
968 407 1122 466 miserunt
1137 424 1236 482 seque

233 501 262 562 ei
280 503 484 580 dediderunt;
507 511 539 564 81
559 504 594 562 in
615 505 885 564 commemoranda
899 504 1039 564 civitatis
1054 502 1235 562 calamitate

232 618 272 658 ex
293 601 449 660 sexcentis
471 601 511 660 ad
531 607 596 660 tres
614 607 782 675 senatores,
804 619 844 660 ex
863 600 1026 660 hominum
1045 598 1172 658 milibus
1190 617 1236 656 ux

197 717 209 767 5
232 696 287 754 vix
309 697 349 756 ad
369 697 558 774 quingentos
580 698 634 775 qui
656 717 742 758 arma
762 699 844 756 ferre
865 702 994 775 possent
1008 715 1076 756 sese
1091 696 1234 754 redactos

233 812 301 853 esse
316 793 469 854 dixerunt.
513 795 596 864 Quos
614 795 736 870 Caesar,
751 800 788 854 ut
811 795 844 853 in
865 794 995 852 miseros
1016 811 1053 852 ac
1075 792 1235 869 supplices

233 909 308 949 usus
336 891 549 951 misericordia
572 891 740 966 videretur,
766 890 1010 968 diligentissime
1035 889 1235 949 conservavit

234 987 361 1064 suisque
382 988 496 1048 linibus
518 993 613 1066 atque
634 988 758 1066 oppidis
780 988 829 1047 uti
849 988 952 1062 iussit,
968 993 1001 1046 et
1020 985 1163 1044 finitimis
1179 985 1237 1044 im-

233 1085 357 1161 peravit
371 1090 407 1144 ut
422 1085 461 1144 ab
475 1085 591 1144 iniuria
606 1089 637 1144 et
651 1084 804 1144 maleficio
821 1104 854 1144 se
872 1103 1006 1162 suosque
1021 1083 1233 1161 prohiberent.

185 1201 212 1232 10
275 1180 332 1246 29.
361 1181 528 1256 Aduatuci,
544 1181 710 1259 dequibus
726 1201 821 1260 supra
837 1181 1029 1259 scripsimus,
1046 1199 1116 1240 cum
1137 1180 1237 1240 omni·

233 1279 291 1337 bus
313 1279 411 1355 copiis
433 1279 550 1337 auxilio
572 1279 700 1338 Nerviis
714 1279 868 1354 venirent,
884 1279 943 1338 hac
963 1297 1069 1356 pugna
1087 1277 1237 1336 nuntiata

141 1416 148 1425 -
233 1394 273 1434 ex
293 1375 406 1434 itinere
428 1375 554 1434 domum
569 1381 785 1452 reverterunt;
807 1375 928 1436 cunctis
944 1375 1068 1453 oppidis
1083 1374 1236 1434 castellis-

234 1492 294 1550 que
309 1471 442 1531 desertis
464 1491 521 1532 sua
541 1473 646 1531 omnia
659 1472 693 1530 iu
706 1493 803 1531 unum
819 1473 969 1551 oppidum
983 1471 1106 1548 egregie
1120 1476 1237 1530 natura

234 1568 391 1627 munitum
405 1569 612 1628 contulerunt.
651 1570 740 1639 Quod
754 1589 824 1629 cum
839 1589 878 1629 ex
892 1569 1036 1628 omnibus
1051 1569 1085 1626 in
1099 1568 1236 1628 circuitu

185 1687 209 1734 15
233 1666 375 1744 partibus
396 1665 567 1726 altissimas
589 1686 683 1744 rupes
705 1667 932 1744 despectusque
953 1665 1091 1740 haberet,
1109 1683 1172 1724 una
1194 1685 1235 1724 ex

233 1769 322 1841 parte
336 1763 451 1822 leniter
466 1763 598 1823 adclivis
613 1764 717 1823 aditus
738 1764 771 1822 in
790 1763 992 1823 latitudinem
1012 1781 1076 1821 non
1097 1762 1234 1838 amplius

233 1861 437 1920 ducentorum
458 1861 572 1938 pedum
594 1861 846 1940 relinquebatur3
876 1865 967 1938 quem
988 1860 1092 1919 locum
1113 1859 1235 1936 duplici

233 1957 387 2017 altissimo
408 1976 497 2016 muro
519 1957 706 2032 munierant,
724 1963 794 2016 tum
814 1957 919 2034 magni
939 1957 1085 2035 ponderis
1105 1975 1182 2016 saxa
1202 1961 1234 2016 et

233 2061 415 2131 praeacutas
436 2055 541 2114 trabes
563 2054 596 2112 in
618 2073 706 2113 muro
732 2054 943 2114 conlocabant.
986 2053 1056 2131 Ipsi
1079 2058 1169 2112 erant
1194 2072 1235 2112 ex

182 2179 210 2209 20
233 2151 367 2211 Cimbris
389 2151 603 2228 Teutonisque
624 2151 779 2228 prognati,
800 2151 863 2228 qui,
882 2170 952 2210 cum
973 2151 1034 2210 iter
1055 2151 1089 2208 in
1109 2151 1236 2227 provin-

232 2248 312 2308 ciam
333 2253 472 2306 nostram
493 2253 588 2325 atque
609 2247 736 2307 Italiam
761 2248 910 2323 facerent,
926 2247 966 2308 iis
988 2247 1233 2325 impedimentis,

233 2364 312 2422 quae
334 2363 438 2404 secum
459 2363 549 2420 agere
571 2364 606 2404 ac
628 2351 752 2422 portare
767 2363 830 2404 non
844 2351 998 2423 poterant,
1014 2345 1094 2404 citra
1114 2344 1234 2404 flumen

232 2442 378 2502 Rhenum
393 2441 545 2519 depositis
563 2441 738 2502 custodiam
759 2461 798 2501 ex
820 2443 885 2502 suis
907 2460 942 2502 ac
963 2442 1154 2520 praesidium
1176 2461 1234 2502 sex

231 2540 320 2598 milia
334 2539 496 2598 hominurn
514 2557 578 2598 una
596 2539 800 2616 reliquerunt.
844 2539 889 2598 Hi
904 2545 975 2616 post
990 2557 1095 2597 eorum
1111 2538 1233 2598 obitum

181 2659 207 2706 25
230 2637 346 2696 multos
375 2655 472 2695 annos
501 2655 520 2696 1
546 2635 690 2695 finitimis
719 2637 879 2712 exagitati,
909 2655 979 2695 cum
1007 2635 1086 2695 alias
1113 2635 1232 2695 bellum

231 2732 395 2807 inferrent,
424 2733 502 2792 alias
535 2732 669 2792 inlatum
697 2733 912 2809 defenderent,
942 2751 1095 2792 consensu
1123 2752 1231 2792 eorum

231 2829 369 2888 omnium
385 2849 459 2906 pace
474 2830 560 2889 facta
573 2829 656 2890 hunc
671 2830 732 2889 sibi
746 2831 905 2891 domicilio
920 2830 1023 2890 locum
1038 2831 1231 2906 delegerunt.

273 2925 329 2990 30.
359 2926 406 2985 Ac
434 2926 534 3003 primo
562 2927 701 2987 adventu
729 2928 884 2987 exercitus
913 2927 1014 2987 nostri
1042 2928 1163 2987 crebras
1193 2947 1233 2986 ex

231 3022 346 3100 oppido
371 3021 569 3081 excursiones
593 3023 752 3084 faciebant
776 3025 979 3102 parvulisque
1004 3024 1132 3102 proeliis
1160 3043 1232 3083 cum

180 3142 209 3188 30
231 3119 346 3179 nostris
362 3119 606 3195 contendebant3
628 3126 738 3198 postea
751 3122 834 3181 vallo
849 3122 963 3199 pedum
979 3141 1032 3180 xn
1050 3121 1083 3180 in
1097 3121 1233 3181 circuitu

231 3235 276 3276 xv
294 3215 417 3274 milium
437 3215 614 3292 crebrisque
632 3219 770 3278 castellis
786 3218 1018 3278 circummuniti
1033 3218 1147 3296 oppido
1163 3236 1232 3278 sese

231 3312 441 3371 continebant.
484 3311 550 3369 Ubi
571 3311 672 3371 vineis
694 3315 773 3372 actis
795 3333 905 3389 aggere
931 3320 1092 3374 exstructo
1116 3315 1231 3373 turrim
